3159 4917
324 187 434 262 Gonqr.
453 187 514 246 uu.
531 191 578 246 1⁶.
595 185 670 248 Just.
687 189 764 246 1886
782 189 821 246 de
839 203 973 246 consecr.
992 187 1097 245 eccles
1113 193 1250 245 restatur.
1349 168 1410 234 125

271 361 413 428 Dubiam
432 361 505 430 111.
540 361 581 427 ut
600 363 753 446 quatenus
770 362 911 448 amative
925 363 1020 428 etiam
1037 360 1077 426 ad
1093 361 1271 441 seeundum,
1288 360 1411 446 qnueri·

163 467 315 532 turnum
338 467 509 534 necessarie
532 465 711 552 erigendum
731 467 776 532 sit
796 486 910 534 nevum
933 466 1043 532 Alture
1066 466 1168 550 majus
1193 464 1287 531 fixum
1311 467 1343 531 et
1361 464 1411 530 la·

163 571 292 655 pideum
322 569 382 636 rite
410 571 672 648 conserendum
702 571 749 636 ita
779 573 816 636 ut
837 570 1002 656 quotannis
1028 569 1175 638 Officium
1198 568 1410 636 Dedicatiunia

165 674 300 759 munivi
320 675 445 759 pessit?

270 787 313 852 ut
333 806 422 854 saura
444 787 552 854 eudem
575 786 798 872 Oengregutiu‚
824 787 864 853 ad
886 786 1067 853 relationem
1092 784 1282 871 infrascripti
1305 785 1412 853 Saure-

166 891 257 970 turii‚
287 890 497 975 exquisitaque
531 895 603 957 vote
636 892 765 957 alterins
799 909 835 957 er
868 891 1115 974 Apostoliuarum
1149 892 1409 957 caeremoniarum

167 995 326 1080 Magistri,
348 995 490 1062 omnibus
512 999 633 1061 mature
656 997 824 1081 perpensis,
853 996 901 1062 ita
921 995 1086 1080 prepositis
1108 993 1221 1061 Dubiis
1240 995 1412 1062 resuuben·

167 1099 241 1165 dum
266 1099 395 1180 sensuit,
419 1099 584 1166 videlieet:

272 1221 321 1287 Aul
343 1221 369 1288 1.
393 1222 426 1288 et
447 1221 488 1295 Π,
511 1221 672 1306 Negativq
697 1240 751 1288 een
767 1240 828 1288 neu
843 1220 1000 1306 indigem
1024 1223 1056 1288 et
1074 1197 1189 1288 iterum¹
1202 1220 1410 1306 depingantur

165 1328 200 1392 et
222 1327 415 1410 apponantur
438 1325 552 1394 Orneus
574 1327 606 1390 in
630 1325 799 1411 parietibus
821 1327 854 1390 in
883 1324 1099 1392 testimoninm
1130 1330 1275 1410 peractae
1304 1343 1411 1392 cunse-

165 1429 324 1498 urutionis.
1026 1425 1031 1436 '

272 1551 321 1618 ud
344 1551 402 1621 HI.
442 1551 648 1619 Affirmatiue.

270 1673 374 1757 Atque
397 1675 443 1740 itu
464 1674 622 1758 rescripsit
644 1677 676 1740 et
695 1672 763 1740 fieri
786 1673 947 1740 mundarit
970 1672 1020 1740 die
1043 1674 1093 1739 16.
1116 1673 1260 1741 Januarii
1284 1673 1375 1739 1886.

165 1821 365 1888 numesius
385 1821 518 1903 Saluuii,
542 1821 740 1889 secretarius.
791 1822 835 1888 D.
859 1821 956 1890 tieret.
979 1821 1194 1903 Burtotiniuu
1217 1822 1410 1889 Praefeutnu
