3159 4917
7 4547 13 4814 Ι

158 219 271 274 Leonta
289 218 373 274 XIII.
395 218 440 274 22.
464 219 532 274 Dec.
556 218 628 274 1887
646 220 890 290 archiepiscopio
907 225 936 276 ct
954 223 1106 291 episcopio
1125 221 1292 277 Bovariuc.
1335 203 1399 268 369

152 392 200 456 est
223 389 336 473 detque
358 407 487 474 semper,
512 391 548 456 ut
570 409 618 455 res
640 390 771 456 summis
793 389 1034 456 difficultatibus
1056 391 1233 476 implicatae
1256 396 1288 457 et
1308 395 1396 460 nudi·

151 514 210 579 que
231 494 384 577 obseptae,
410 493 564 578 praeclare
588 492 715 560 undem
738 494 892 574 eueniant,
916 495 1005 559 modo
1028 495 1174 574 animose,
1206 497 1252 561 uli
1276 497 1397 564 monui·

153 617 235 675 mus,
266 597 448 681 fortiterque
479 606 629 682 agantur,
658 599 770 663 comite
802 601 834 662 at
866 599 1009 664 ministra
1030 599 1201 666 christiana
1224 601 1396 683 prudentia.

153 702 271 785 Quippe
294 702 423 780 namtas,
460 701 508 766 cui
534 697 623 767 homo
644 720 663 767 a
686 705 801 766 natura
822 701 1020 784 cupidissime
1042 703 1169 781 studet,
1199 707 1317 768 mentes
1340 705 1397 769 ali·

152 805 274 890 quando
295 805 452 888 perviuoat
475 823 596 870 necesse
620 809 686 870 est:
710 824 747 871 oa
769 804 893 888 quidem
917 806 1200 888 perturbationibus
1224 809 1398 891 morbisque

152 909 247 975 animi
271 909 385 974 tantari
411 912 503 992 atque
525 909 612 974 obrui
636 910 753 993 potest,
784 909 921 993 extingui
954 928 1013 974 non
1034 912 1146 993 potest.
1174 948 1206 959 -
1233 911 1320 993 Quod
1344 931 1397 996 op·

153 1014 312 1096 portunins
343 1012 503 1078 convenire
535 1015 567 1078 iu
599 1014 760 1078 Bavariarn
793 1032 851 1078 riou
875 1033 937 1078 una
959 1014 997 1078 de
1020 1034 1114 1079 cauea
1139 1015 1268 1080 uidetur.
1316 1014 1396 1079 Huic

152 1119 246 1194 enim,
269 1119 413 1200 quoniam
437 1118 493 1183 [lei
516 1117 664 1182 bernelicio
687 1117 718 1182 in
742 1118 846 1201 regnis
863 1118 1025 1184 catholicis
1042 1122 1232 1194 numeratur,
1256 1137 1314 1183 non
1333 1123 1396 1183 tarn

152 1240 227 1305 opus
250 1226 298 1286 est
322 1221 413 1286 iidem
436 1224 575 1287 sanctum
597 1222 755 1305 accipere,
787 1240 879 1305 quam
909 1223 1067 1304 acceptam
1091 1241 1110 1285 a
1130 1223 1270 1305 patribus
1295 1226 1398 1286 eusto-

151 1324 218 1390 dire
241 1327 273 1392 et
299 1324 421 1390 locere:
456 1327 637 1408 praetcrea,
672 1327 723 1408 qui
748 1326 869 1390 nomine
889 1326 1013 1407 publico
1036 1327 1177 1390 auctores
1200 1328 1272 1388 sunt
1293 1325 1396 1408 legum

154 1431 192 1495 ad
217 1429 436 1512 rempublicam
460 1430 703 1512 temperandam,
728 1430 749 1493 ii
766 1448 912 1512 maguam
931 1431 1049 1512 partem
1065 1429 1227 1508 catholici;
1251 1429 1396 1494 catholici

154 1536 228 1600 ilem
252 1553 346 1617 quum
374 1533 437 1599 sint
467 1533 603 1616 plerique
626 1534 707 1598 cives
731 1537 762 1597 et
786 1535 922 1608 incolae,
958 1534 1084 1598 minimo
1113 1534 1294 1599 dubitamus
1322 1535 1396 1618 quin

153 1639 247 1704 rriatri
271 1655 356 1714 suae,
380 1637 534 1702 Ecclesiae
559 1638 722 1714 laboranti,
746 1638 829 1702 ouini
852 1637 950 1702 uelint
971 1655 1028 1720 ope
1042 1636 1147 1702 fauere
1163 1640 1195 1701 et
1210 1656 1396 1702 succurrere.

155 1743 243 1826 Ergo,
267 1743 293 1806 si
310 1745 374 1806 tam
390 1742 525 1823 impense
542 1741 724 1824 acriterque,
749 1746 784 1806 ut
799 1740 923 1818 dehent,
939 1742 1128 1806 contendant
1143 1744 1265 1806 omuino
1281 1760 1396 1820 omues,

153 1865 227 1911 sane
250 1865 341 1929 quam
365 1844 471 1910 felices
495 1865 637 1911 curarum
659 1846 767 1919 exitus,
793 1847 916 1928 auspice
932 1845 1007 1922 Deo,
1031 1845 1141 1911 laetari
1159 1845 1272 1911 licebit.
1303 1846 1398 1930 Equi·

154 1951 222 2014 decu
247 1949 436 2014 contendant
460 1969 564 2015 omues
589 1949 804 2033 praecipimus,
828 1967 863 2014 eo
883 1949 956 2032 quia
978 1951 1060 2013 siccut
1080 1948 1157 2012 nihil
1180 1930 1229 2014 est
1248 1951 1396 2033 pernicio-

153 2054 217 2118 sius
240 2052 403 2131 discordia,
427 2055 472 2118 ita
492 2053 571 2118 nibil
595 2058 642 2118 cst
666 2052 882 2138 praestabilius
904 2057 936 2117 et
958 2056 1060 2136 magis
1078 2052 1185 2118 ellicax
1201 2054 1397 2120 consensione
1488 2091 1492 2098 ·

153 2156 373 2240 concordiaque
397 2159 580 2234 animorum,
601 2158 739 2224 oolleolis
756 2158 873 2223 viribus
892 2157 931 2222 ad
947 2176 1043 2222 unum
1059 2157 1202 2241 idemque
1218 2156 1395 2224 nitentium.

155 2262 201 2328 Ad
227 2263 312 2340 hace,
335 2263 410 2326 bene
432 2262 593 2328 catholicis
617 2280 671 2344 per
696 2261 779 2344 leges
802 2262 940 2344 suppetit
962 2257 1096 2327 medium
1117 2279 1177 2343 quo
1192 2260 1396 2328 conditionem

154 2367 355 2449 habitumque
378 2365 422 2431 rei
441 2365 583 2449 publicae
607 2365 764 2430 meliorem
782 2364 849 2429 lieri
864 2363 1066 2448 expostulant,
1090 2367 1184 2449 alque
1201 2384 1271 2430 eum
1290 2369 1397 2449 optent

155 2469 312 2554 velintque
335 2473 473 2545 statum,
507 2469 559 2552 qui
583 2471 614 2534 el
637 2468 793 2534 Ecclesiae
814 2470 845 2533 ct
868 2468 949 2548 sibi,
981 2468 1009 2533 si
1031 2468 1133 2534 miuus
1155 2469 1397 2536 obsecundabat

155 2573 356 2656 gratificetur,
381 2573 461 2656 quod
487 2573 585 2638 mullo
609 2575 689 2637 esset
712 2572 944 2656 aequissimum,
970 2575 1005 2638 at
1026 2590 1085 2638 non
1109 2572 1288 2638 adversetur
1311 2573 1395 2639 dure.

155 2675 262 2758 Neque
285 2696 356 2741 uero
379 2679 497 2741 recturo
520 2677 579 2742 erit
601 2676 745 2758 cuiqnam
769 2695 898 2758 arguere
920 2678 953 2741 ct
975 2676 1150 2760 vituperare
1178 2680 1315 2755 nostros,
1343 2677 1395 2760 qui

154 2778 334 2858 adiumenta
356 2780 447 2864 hujus
470 2781 591 2864 generis
610 2781 776 2862 quaeruut:
810 2780 922 2863 quibus
953 2779 1036 2845 enim
1071 2779 1259 2845 adiumentis
1294 2781 1397 2846 hostes

156 2882 300 2948 catholici
324 2883 454 2948 nominis
477 2883 516 2948 ad
537 2882 695 2948 licentiam
718 2883 764 2949 uti
788 2883 1028 2960 consueverunt,
1051 2882 1083 2947 id
1105 2884 1169 2962 ost,
1193 2886 1230 2947 ut
1251 2883 1337 2969 leges
1359 2885 1397 2950 ab

155 2987 377 3070 imperantibus
399 2987 526 3054 eliciant
549 2989 582 3053 cl
606 3005 701 3071 paene
724 2988 926 3071 extorqueant
948 2987 1070 3053 odiosas
1085 2987 1223 3054 libertati
1239 2987 1283 3053 rei
1298 2987 1398 3054 ciuilis

154 3107 336 3173 sacraeque,
361 3109 460 3156 nonne
482 3091 637 3176 integrum
661 3092 703 3158 sit
726 3091 887 3158 catholicis
910 3091 1019 3158 eadem
1042 3090 1205 3168 adbibere,
1238 3093 1331 3175 alque
1354 3093 1399 3158 ita

154 3192 319 3271 adhibere,
342 3196 376 3259 ut
400 3194 623 3262 honestissimis
645 3196 743 3260 modis
762 3196 904 3279 religioni
929 3194 1107 3271 cousulant,
1140 3198 1175 3259 ut
1197 3215 1233 3260 ea
1252 3200 1398 3261 taceantur

156 3299 245 3377 boue,
267 3297 354 3362 doles
378 3316 413 3362 uo
437 3299 514 3374 iura,
537 3317 615 3382 quae
641 3299 796 3365 Ecclesiae
819 3299 992 3366 catholicae
1016 3299 1166 3363 divinitus
1185 3299 1299 3365 collata
1313 3305 1399 3383 aaut,

154 3420 292 3486 quaeque
316 3402 355 3467 ab
380 3401 528 3468 ninivensis
549 3403 602 3485 qui
625 3407 772 3485 praesunt
801 3404 855 3487 qui
883 3403 1032 3478 subsunt,
1066 3403 1149 3467 omui
1180 3407 1255 3468 sunt
1285 3406 1398 3471 bonore

155 3505 349 3572 allicienda?

259 3609 293 3674 lu
317 3610 405 3677 bonis
426 3613 532 3676 auam
554 3611 721 3688 Ecclesiae,
745 3629 825 3694 quae
849 3612 914 3678 Nos
936 3611 1049 3694 ubique
1075 3627 1255 3693 semperque
1277 3629 1397 3677 coinser-

156 3731 226 3778 vare
247 3713 409 3792 debemus,
438 3714 477 3778 ab
501 3715 643 3799 omnique
666 3715 768 3781 iniura
790 3714 970 3792 defendere,
990 3713 1067 3778 illud
1091 3719 1174 3779 certe
1197 3715 1397 3797 praestantis·

155 3816 268 3880 simum
296 3819 361 3895 est,
391 3817 480 3882 tauta
513 3817 612 3900 ipsam
648 3817 763 3902 perfrui
797 3818 911 3904 agendi
940 3818 1108 3896 libertato,
1142 3820 1291 3901 quantam
1315 3819 1398 3880 salus

155 3919 314 3984 hominum
337 3919 474 3986 curanda
496 3921 642 4004 requirat.
688 3921 774 3988 Haec
797 3911 943 3988 nimirum
970 3923 1018 3988 eat
1045 3921 1175 3987 libertas
1204 3921 1330 3997 diuina,
1359 3921 1398 3986 ab

155 4023 315 4109 unigenito
345 4025 403 4091 Dei
434 4024 512 4092 Eilio
543 4029 667 4091 auctore
704 4027 856 4110 proiecta,
891 4024 944 4110 qni
966 4023 1138 4090 Ecclesiam
1161 4025 1311 4110 sanguine
1331 4026 1399 4091 iueo

156 4127 318 4208 excitavit,
352 4129 405 4214 qui
427 4131 606 4214 perpetuam
629 4131 661 4196 in
685 4130 862 4198 bominibus
883 4127 1018 4207 statuit,
1051 4127 1106 4213 qui
1132 4127 1231 4194 voluit
1251 4129 1310 4212 ipsi
1334 4129 1399 4213 ipse

156 4250 315 4316 praeesse:
339 4235 433 4317 atque
455 4234 532 4300 adeo
555 4235 675 4319 propria
698 4237 746 4301 esi
767 4234 935 4313 Ecclesiae,
957 4232 1087 4317 perlecti
1110 4233 1266 4318 divinique
1288 4235 1399 4318 operis,

156 4337 191 4400 ut
210 4335 264 4419 qui
286 4339 393 4401 eontm
414 4355 482 4402 earu
507 4337 622 4405 faciant
643 4338 833 4420 libertatem,
855 4339 950 4405 iidem
973 4341 1082 4404 contra
1103 4338 1202 4405 Deum
1226 4338 1345 4406 iaciant
1367 4343 1399 4404 et

156 4440 264 4504 contra
286 4437 432 4506 olfioiurn.

260 4541 348 4626 Quod
371 4545 451 4612 enim
476 4545 565 4627 olias,
584 4565 642 4635 *nac
665 4549 760 4616 semu
782 4549 925 4630 diuinum,
952 4546 1021 4614 ideo
1044 4545 1208 4614 constituit
1237 4546 1318 4612 [leus
1342 4545 1400 4612 Ec·

188 4647 281 4702 Arabis
297 4648 336 4696 l'uir
353 4649 541 4698 Klroboureohl.
557 4647 622 4702 lilii.
1254 4653 1296 4720 24
