3159 4917
735 659 841 741 XXW.

189 807 193 815 ’
275 803 398 884 teonis
426 799 461 882 P.
476 799 510 880 P.
538 800 615 883 ΧΙΙΙ.
643 799 797 904 Epistola
823 799 867 880 ad
896 797 1087 901 Episcopus
1114 797 1296 879 &umiae

166 959 277 1015 lnlraltr
298 960 321 1014 l.
339 957 392 1012 Eur
410 957 685 1028 Kirohengeschiehte
703 956 830 1026 Bsyerns.
866 956 891 1010 2.
915 955 1069 1025 Errishnug
1093 954 1149 1010 and
1173 952 1345 1023 Ansbildung
1361 953 1408 1008 des

305 1043 410 1100 Kleros.
446 1045 471 1100 8.
495 1043 659 1101 christliche
684 1042 869 1111 Philosophia.
904 1043 928 1096 l.
947 1041 1047 1096 Kleros
1070 1041 1122 1096 soll
1146 1042 1207 1096 dem
1225 1040 1311 1095 Volke
1328 1045 1408 1110 gates

304 1129 422 1198 Beispiel
439 1130 535 1202 geben.
571 1131 594 1186 5.
615 1128 870 1186 Staatslrirohlichcs
888 1127 1037 1182 Verhslten
1055 1128 1102 1182 des
1120 1127 1226 1184 Kleros.
1253 1128 1278 1182 d.
1296 1126 1407 1183 Kathm.

305 1217 427 1274 Sohnleu.
460 1219 484 1272 7.
504 1217 554 1272 Die
572 1217 750 1272 Eusimaurer.
779 1216 948 1286 Aneiiernng
966 1231 1013 1270 aur
1026 1213 1243 1285 Vertlueidignug
1262 1214 1309 1270 der
1320 1214 1408 1268 kirch-

304 1303 393 1358 lichen
410 1303 513 1360 Rechts
527 1303 581 1358 und
595 1303 721 1359 Ereiheit.
749 1303 773 1358 9.
794 1302 971 1374 Bayerisohes
988 1299 1147 1365 coneordat,
1165 1301 1282 1371 Vertrag
1299 1299 1350 1356 den
1364 1300 1408 1356 dis

305 1389 402 1446 Kirchs
420 1395 488 1446 stete
507 1391 702 1463 geuissenhalt
719 1389 838 1456 eritllte‚
855 1389 906 1444 soll
926 1389 995 1445 anch
1012 1405 1064 1444 ron
1082 1387 1130 1444 der
1148 1388 1302 1460 Regierong
1315 1387 1409 1458 gellul-

304 1482 350 1534 ten
369 1478 483 1534 werden.

640 1581 735 1648 LEO
758 1582 825 1650 ΡΡ.
853 1580 942 1648 ΧΙΙΙ.

238 1703 436 1772 Venerabiios
456 1703 597 1784 nsotrae,
622 1703 762 1772 Salutem
783 1712 812 1772 et
835 1703 1050 1786 Apostolioum
1074 1704 1338 1770 Benedictiouem.

272 1825 382 1894 Officio
405 1825 600 1893 sanctissimo
623 1827 750 1892 adducti
773 1825 910 1890 muneris
933 1825 1115 1909 Apostolioi,
1136 1825 1270 1890 multum
1287 1825 1409 1907 diuque,

169 1931 227 2013 ipsi
249 1931 362 2010 nostis,
394 1930 622 2010 contendimus,
654 1935 689 1997 ut
717 1950 764 1996 res
787 1929 944 1996 Ecclesiae
967 1930 1136 1997 catholicae
1158 1928 1238 2015 apud
1262 1929 1410 1995 Borussos

169 2035 318 2102 habereut
341 2036 506 2120 aliquando
530 2036 658 2113 melius,
686 2039 779 2120 atque
809 2035 839 2098 iu
864 2035 994 2119 grsdm
1015 2035 1177 2116 dignitatis
1207 2054 1296 2099 sunm
1319 2035 1411 2098 resti·

169 2142 276 2218 tutae,
305 2139 344 2206 sd
368 2139 511 2205 honorem
534 2139 698 2223 pristinum
723 2139 966 2223 amplioremque
985 2139 1189 2204 florescerent.
1231 2138 1317 2221 Quae
1339 2157 1409 2202 cou-

169 2243 258 2322 silia,
291 2244 344 2326 qui
366 2243 486 2308 labores
509 2244 632 2320 Nostri,
666 2243 824 2328 aspirante
851 2242 916 2307 Deo
939 2243 971 2307 et
993 2243 1134 2318 inrauts,
1161 2242 1206 2306 sio
1228 2260 1407 2324 processere,

169 2353 205 2412 ut
228 2349 425 2431 praetoritem
448 2348 669 2431 querimoniam
694 2347 882 2424 lenieriruus,
906 2349 938 2409 et
957 2365 1010 2428 spe
1030 2349 1190 2411 teneamur
1212 2345 1249 2410 de
1265 2345 1409 2411 libertate

165 2450 312 2517 catholici
336 2451 468 2517 nominis
491 2451 578 2535 plene
601 2452 715 2517 ibidem
736 2451 964 2535 tranquilleque
983 2448 1121 2515 fruenda.
1138 2487 1181 2498 -
1197 2451 1287 2516 Nunc
1305 2451 1407 2513 samm

170 2556 290 2620 animus
313 2559 360 2621 est
383 2555 585 2640 cogitationes
608 2561 640 2622 et
663 2575 768 2634 curas,
801 2555 953 2639 singulari
975 2555 1106 2637 quodam
1130 2554 1250 2631 studio,
1278 2552 1318 2620 sd
1351 2553 1409 2618 Ba·

169 2679 258 2726 varos
277 2662 462 2730 convertere.
498 2660 568 2726 Non
589 2661 625 2726 ea
648 2659 771 2743 quidem
796 2679 889 2726 cansa
911 2659 990 2743 quod
1006 2677 1073 2724 rem
1088 2677 1206 2725 sacrem
1222 2658 1328 2725 eodem
1344 2676 1410 2722 esse

169 2765 236 2831 loco
257 2765 288 2829 in
315 2765 446 2830 Bavaria
468 2768 560 2850 atque
583 2765 616 2831 in
641 2766 784 2830 Borussia
806 2767 891 2842 erat,
923 2768 1083 2848 putemus;
1113 2763 1166 2829 sed
1187 2764 1245 2829 hoo
1267 2765 1410 2846 optamus

170 2870 201 2932 et
224 2869 380 2953 cupimus,
404 2873 439 2934 ut
460 2869 521 2936 isto
545 2888 664 2953 quoque
686 2871 716 2934 iu
743 2888 852 2952 regno,
885 2869 964 2951 quod
987 2867 1141 2933 catholica
1163 2868 1347 2950 professione
1370 2867 1408 2931 ab

169 2973 234 3038 avis
256 2972 484 3058 majoribusque
507 2973 676 3058 gloriatur,
706 2972 901 3038 incommoda
926 2975 1077 3056 quotquot
1099 2971 1234 3037 insident
1255 2970 1293 3036 ds
1316 2971 1409 3036 liber·

169 3079 235 3141 tate
259 3076 453 3144 detrahentia
476 3077 629 3144 Ecclesiae
652 3078 834 3156 catholicas,
858 3079 1027 3160 opportuno
1051 3077 1234 3143 resecentur.
1251 3111 1291 3123 -
1315 3073 1410 3142 Cuius

169 3181 300 3246 manime
323 3180 469 3246 salutaris
491 3181 637 3265 propositi
660 3183 696 3246 ut
722 3181 760 3246 ad
781 3181 925 3247 effectum
948 3181 1179 3264 perveniamus,
1213 3181 1353 3247 volumus
1377 3183 1410 3245 et

168 3303 273 3351 ornnes
295 3283 399 3350 aditus
422 3285 593 3370 explorare,
625 3285 677 3369 qui
702 3285 810 3370 reliqui
836 3286 966 3364 dentur,
998 3288 1031 3352 et
1063 3287 1214 3370 quantum
1249 3285 1280 3350 in
1313 3285 1410 3350 Nobis

169 3389 365 3456 auctoritatis
387 3391 512 3476 opisque
535 3391 582 3456 est
604 3391 670 3456 siue
690 3391 887 3457 cunctatione
909 3390 1054 3456 couleme.
1101 3393 1203 3474 Atque
1225 3409 1278 3457 vos
1300 3409 1409 3474 oppor-

168 3495 243 3560 tune
265 3493 466 3577 appellunuus,
490 3493 689 3559 venerabiles
712 3495 846 3572 Erstres,
878 3497 1040 3576 vestroque
1063 3512 1156 3578 opera
1179 3493 1258 3561 filios
1280 3495 1410 3560 Nostros

169 3617 186 3662 s
211 3598 342 3663 Bavaria
364 3597 537 3663 carissimos
560 3597 749 3682 appellamus
772 3617 895 3676 omues,
919 3601 955 3664 nt
975 3617 1186 3682 quaecumque
1209 3597 1247 3663 ed
1275 3599 1410 3663 rationes

169 3702 241 3766 fidei
267 3704 298 3767 st
324 3702 483 3786 religionis
505 3701 538 3766 iu
559 3705 652 3788 gente
675 3707 778 3769 uestra
801 3703 953 3768 curandas
975 3706 1008 3768 et
1026 3703 1235 3786 provehendas
1258 3703 1410 3787 pertinere

168 3807 347 3885 videantur,
371 3826 408 3872 ea
428 3807 584 3872 vobiscum
608 3827 661 3892 pro
682 3809 836 3891 potestate
860 3807 1137 3885 communicemus,
1169 3808 1207 3872 ds
1230 3807 1269 3875 iis
1289 3807 1410 3872 tribua·

169 3931 237 3977 mus
259 3911 397 3990 consilis,
420 3911 458 3979 de
481 3911 578 3996 iisque
598 3913 638 3978 ad
659 3913 742 3997 ipsos
764 3912 902 3978 ciuitatis
922 3915 1056 3979 rectores
1076 3911 1206 3978 fidentes
1227 3911 1387 3978 iustumne.

272 4013 327 4106 [1.]
361 4017 396 4080 ln
421 4017 516 4082 sucris
543 4018 733 4082 Bavarorum
756 4017 852 4096 lestis,
876 4035 926 4081 res
948 4016 1115 4100 repetimus
1135 4016 1216 4081 hand
1237 4015 1410 4099 incognitas

168 4120 264 4200 vobis,
288 4121 364 4185 bene
384 4121 484 4186 multa
505 4122 587 4198 sunt,
611 4120 648 4186 de
671 4121 782 4204 quibus
808 4120 946 4186 Ecclesia
968 4123 1000 4186 st
1023 4120 1134 4186 civitas
1157 4119 1335 4186 concordem
1359 4138 1410 4184 ca·

170 4223 251 4306 piam
274 4223 438 4290 laetitiam.
485 4224 567 4291 Nam
590 4224 666 4290 fides
690 4226 878 4304 christiana,
910 4245 945 4292 sx
972 4244 1033 4310 qno
1060 4225 1167 4292 diuina
1195 4225 1261 4290 eius
1283 4224 1408 4302 semina,

168 4327 242 4391 curs
262 4325 423 4410 studioque
446 4347 566 4394 summo
590 4330 690 4396 sancti
712 4330 836 4396 abbatis
858 4330 1019 4409 Severini,
1049 4330 1102 4413 qui
1124 4329 1230 4395 Norici
1254 4329 1409 4413 apostolus

169 4429 288 4510 extitit,
314 4430 503 4516 aliorumque
525 4431 686 4518 Evangelii
709 4455 910 4518 praeconum,
940 4435 971 4500 in
995 4435 1113 4521 grando
1135 4435 1269 4519 regionis
1291 4435 1409 4500 vestras

169 4536 243 4600 sunt
265 4553 382 4618 sparsa,
406 4538 471 4601 tam
494 4537 574 4602 altas
596 4537 661 4624 egit
683 4539 810 4624 linitque
833 4539 962 4620 radices,
984 4539 1072 4606 nulls
1093 4542 1129 4605 ut
1151 4538 1294 4623 deinceps
1311 4556 1409 4621 nsque
