3159 4917
186 215 249 282 364
292 233 569 290 166611111122.
592 235 661 290 Dec.
681 237 755 292 1887
774 238 1237 306 6661166166661661661666616
1259 235 1426 292 1166666166.

186 406 297 490 gratia,
322 407 358 471 ut
378 423 469 492 opera
484 407 589 492 magni
604 408 772 492 equinatis
788 408 937 474 66666116
954 407 1095 474 manibus
1110 409 1141 472 et
1158 407 1280 472 assidue
1293 413 1428 492 apteque

186 512 407 594 exponerentur
437 512 619 595 iampridem
642 513 837 590 monuimus,
873 511 1015 596 idemque
1049 512 1171 595 saepius
1205 511 1429 578 inculcavimus

185 615 347 698 verbisque
369 615 578 700 grauissimisr
609 618 642 681 et
664 617 761 701 gestit
783 617 906 681 animus
929 617 1061 700 optimos
1084 615 1155 682 inde
1177 616 1297 681 fructus
1321 633 1386 682 6666
1408 635 1429 681 6

185 719 267 784 61666
288 722 456 804 666666166,
480 739 626 805 perquam
648 721 780 804 optimos
796 721 1025 803 uberrimosque
1040 740 1093 804 spe
1107 723 1194 786 certa
1205 723 1427 804 exspectamus.

186 823 311 889 Scilicet
331 823 494 908 discipline
519 825 659 890 Doctoris
684 825 828 908 Angelici
852 825 928 889 mire
951 824 1034 889 lacta
1057 828 1105 889 est
1132 823 1171 889 ad
1193 824 1428 892 conformandae

186 929 321 1008 mentes,
358 929 434 994 mire
468 947 557 994 usum
581 929 663 1012 parit
686 929 934 1005 commentandi,
968 928 1224 1014 philosophandi,
1258 929 1428 996 disserendi

185 1051 287 1116 presse
309 1033 504 1116 invictoque:
530 1053 600 1098 nam
624 1051 673 1098 res
693 1032 833 1118 singulas
857 1033 990 1099 dilucide
1013 1034 1165 1098 monstrat
1188 1033 1285 1100 aliam
1308 1034 1429 1099 exalia

185 1137 331 1202 continua
356 1137 434 1202 serie
460 1137 646 1221 pendentes,
677 1157 781 1202 omnes
814 1138 895 1203 inter
923 1155 956 1202 ee
987 1155 1135 1203 connexas
1160 1140 1191 1201 et
1219 1138 1428 1214 cohaerentes,

184 1259 290 1307 omnes
310 1240 348 1306 ad
370 1241 474 1324 capite
498 1243 686 1324 pertinentes
708 1261 868 1324 suprema;
890 1246 958 1307 turn
981 1241 1010 1306 iu
1027 1241 1317 1325 contemplationem
1334 1242 1428 1325 erigit

188 1345 260 1420 Dei,
293 1345 345 1430 qui
376 1365 478 1410 rerum
513 1347 649 1411 omnium
685 1349 716 1410 et
750 1363 842 1410 causa
868 1345 1008 1411 effectrix
1031 1349 1079 1410 est
1102 1346 1134 1410 et
1153 1345 1199 1410 vis
1221 1348 1253 1410 et
1273 1365 1428 1410 summum

185 1449 357 1533 exemplar,
382 1449 420 1514 61
443 1469 534 1534 quern
559 1450 681 1516 demum
706 1451 806 1515 omnis
830 1449 1025 1533 philosophia
1047 1452 1079 1513 et
1102 1450 1193 1515 hemo
1214 1451 1348 1533 quantus
1370 1453 1428 1528 est,

185 1555 298 1620 debent
320 1555 436 1622 reterri.
483 1555 533 1620 Sic
560 1575 629 1620 rere
657 1573 708 1637 per
738 1555 888 1619 Thomanr
918 1555 1047 1619 scientia
1071 1573 1174 1618 rerum
1197 1553 1373 1619 divinarum
1397 1557 1430 1620 et

185 1660 404 1736 humanarum,
429 1677 669 1741 causarumque,
689 1659 801 1742 quibos
824 1659 950 1724 haeres
972 1658 1183 1737 continentur,
1213 1678 1308 1741 quom
1338 1677 1425 1743 prae-

186 1761 356 1829 clarissime
376 1763 550 1840 illustrata,
580 1766 647 1828 turn
676 1763 853 1828 firmissime
876 1763 994 1827 munita
1018 1763 1082 1827 est:
1117 1762 1204 1827 cuius
1237 1762 1428 1828 condictione

187 1866 375 1950 disciplinae,
401 1870 519 1933 veteres
539 1869 641 1931 sectae
660 1886 797 1932 errorum
818 1867 939 1950 penitus
955 1869 1146 1943 corruerunt,
1170 1865 1306 1950 itemque
1323 1884 1427 1943 norae,

187 1971 307 2038 nomine
331 1971 432 2054 potins
455 1972 487 2036 et
508 1973 618 2054 specie,
642 1991 733 2054 quem
757 1991 788 2036 re
813 1971 875 2037 illis
899 1971 1044 2054 dispares,
1069 1970 1310 2036 simulemisere
1326 1970 1427 2052 caput,

186 2079 218 2140 61
239 2074 375 2140 eiusdem
399 2075 512 2140 ictibus
531 2075 668 2142 deiectae
684 2076 923 2155 intercideruot3
947 2075 1027 2158 qnod
1044 2075 1105 2140 iam
1122 2094 1180 2139 non
1199 2093 1278 2140 unus
1292 2073 1429 2139 ostendit

186 2179 223 2244 de
245 2179 445 2263 scriptoribus
469 2180 590 2246 nostrie.
620 2179 711 2245 Ratio
733 2180 856 2263 quidem
880 2180 1017 2244 humana
1040 2179 1078 2244 ad
1102 2179 1309 2263 cognitionem
1324 2199 1425 2244 rerum

186 2283 362 2349 interiorem
394 2284 641 2368 reconditamque
669 2283 856 2348 1116616611
878 2285 943 2348 acie
965 2286 1143 2366 penetrare,
1171 2302 1228 2348 nec
1259 2302 1319 2348 noo
1349 2283 1427 2348 velle

186 2389 307 2471 poteet:
331 2407 436 2452 rerum
454 2388 609 2472 Aquinate
632 2390 757 2453 anctore
778 2391 810 2452 et
826 2388 985 2471 magistro,
1009 2386 1066 2452 hoe
1083 2387 1149 2469 ipso
1166 2387 1241 2452 tacit
1256 2386 1426 2470 expeditius

186 2495 218 2557 et
240 2491 376 2569 liberine,
396 2492 468 2576 quia
491 2493 645 2558 tutissime
666 2492 752 2566 lacit,
772 2492 855 2557 omni
868 2492 973 2575 procul
991 2491 1126 2575 periculo
1142 2491 1336 2556 transiliendi
1351 2489 1427 2556 1666

186 2595 337 2662 veritatis.
382 2597 489 2680 Neque
514 2597 594 2661 enirn
626 2597 803 2662 libertatern
829 2602 910 2660 recte
941 2594 1069 2672 dixeris,
1097 2613 1175 2679 quae
1200 2595 1240 2660 ad
1263 2595 1426 2660 arbitrium

185 2699 405 2785 libidinemque
428 2699 584 2785 opiniones
607 2704 802 2766 consectatur
823 2703 855 2764 et
874 2701 1012 2784 spargit,
1044 2700 1139 2765 immo
1168 2719 1238 2766 vero
1267 2698 1425 2766 licentiam

186 2805 422 2888 nequissimam,
459 2805 635 2871 mendaeem
670 2807 699 2870 el
734 2806 875 2870 fallacem
900 2804 1080 2881 scientiam,
1114 2803 1247 2869 dedecus
1277 2803 1374 2869 animi
1395 2805 1427 2868 et

185 2909 374 2976 servitutem.
419 2909 475 2973 llle
508 2929 612 2994 reapse
643 2908 889 2992 sapientissimus
924 2909 1035 2973 Doctor
1070 2910 1151 2974 intra
1181 2908 1323 2973 veritatis
1350 2907 1428 2973 tinea

185 3013 335 3097 graditur,
359 3012 412 3096 qui
435 3032 493 3078 non
515 3013 604 3078 modo
623 3032 692 3078 cum
710 3014 783 3089 Deo,
808 3013 908 3094 omnis
923 3013 1067 3077 veritatis
1083 3011 1232 3096 principio
1248 3015 1279 3076 et
1295 3030 1428 3088 summo,

185 3135 340 3200 nunqnam
375 3115 534 3195 decertat,
569 3118 620 3183 661
655 3117 714 3200 1661
738 3117 887 3181 adhaeret
909 3134 1029 3199 semper
1052 3116 1227 3182 arctissime
1248 3135 1429 3200 semperque

184 3220 378 3306 obsequitur,
410 3241 522 3288 666666
545 3241 599 3286 666
621 3240 741 3306 quoquo
765 3221 855 3286 modo
875 3221 1096 3304 patefacienti,
1128 3221 1180 3304 qni
1202 3238 1300 3304 neque
1321 3221 1428 3286 sancte

185 3325 286 3392 miuus
308 3326 450 3392 Pontifici
474 3345 599 3392 remano
621 3329 669 3392 est
692 3325 776 3390 dicto
800 3326 946 3402 audiens,
971 3329 1003 3389 61
1027 3324 1244 3390 auctoritatem
1267 3326 1299 3388 in
1322 3343 1358 3389 eo
1380 3342 1429 3388 re·

185 3433 308 3496 veretur
327 3430 474 3508 divinam,
497 3433 529 3496 61
551 3431 674 3497 cedmae
695 3451 827 3496 romam
844 3428 992 3511 Pontifici
1007 3433 1093 3494 tenet
1106 3430 1230 3496 omnino
1246 3431 1430 3496 6666661616

184 3535 298 3602 sance
319 3535 444 3618 (06666.
468 3534 585 3601 Contra
607 3554 730 3602 meree
753 3534 970 3618 Graecorum).
1001 3573 1036 3581 --
1060 3533 1134 3598 Eius
1157 3534 1255 3617 igitur
1270 3533 1302 3598 in
1322 3533 1430 3598 schola

184 3638 340 3705 adolescat
355 3641 388 3704 61
402 3643 579 3704 exerceatur
594 3639 693 3704 clerus
710 3637 749 3704 ad
765 3637 1005 3722 philosophiam,
1026 3639 1065 3704 ad
1086 3637 1295 3721 theologiam:
1318 3637 1430 3703 existet

184 3743 306 3809 enirero
328 3743 438 3809 doctus
460 3746 492 3808 et
514 3743 553 3808 od
577 3761 665 3808 sacra
688 3742 805 3825 praelia
829 3741 934 3808 valens
954 3761 1046 3825 quarn
1069 3743 1123 3826 qni
1145 3741 1287 3809 maxime.

287 3843 342 3936 [4.]
388 3847 452 3912 Lux
476 3851 582 3913 tamen
609 3846 767 3912 doctrinae
798 3867 816 3913 6
839 3846 920 3911 61666
943 3847 975 3911 16
995 3845 1158 3913 6161611661
1180 3845 1284 3929 666611
1307 3845 1429 3911 6611666

185 3950 384 4018 diffundenda
407 3952 456 4016 rix
479 3949 540 4016 dici
563 3953 664 4035 potest
685 3971 776 4034 quarn
799 3971 946 4036 magnam
965 3950 1079 4016 161661
1094 3951 1274 4029 utilitatem,
1296 3951 1323 4015 61
1341 3950 1429 4036 quasi

184 4076 200 4122 6
223 4056 407 4122 candelabro
431 4055 555 4121 virtutis
577 4056 737 4121 effulserit.
765 4093 802 4103 -
827 4057 863 4120 In
886 4056 1058 4138 praeceptis
1081 4055 1174 4132 enirn,
1198 4074 1279 4138 qnae
1301 4055 1430 4121 suntad

184 4160 381 4245 corrigendos
404 4159 562 4226 hominum
590 4179 709 4238 mores,
739 4159 809 4243 plus
832 4160 895 4225 1666
918 4163 1061 4241 possunt,
1093 4178 1186 4242 quam
1210 4160 1312 4240 dicta,
1345 4160 1429 4225 lacta

184 4265 422 4349 magistrorum
447 4283 503 4330 nec
525 4264 688 4348 qnisquam
712 4264 835 4347 negotio
854 4267 921 4328 tam
938 4263 1022 4329 facili
1039 4265 1202 4330 habiturus
1219 4267 1267 4330 eet
1282 4267 1309 4329 ei
1326 4265 1428 4343 tidem,

183 4369 271 4434 cuius
297 4389 316 4433 a
342 4369 434 4433 dictis
466 4369 697 4452 praeceptisque
731 4368 904 4452 discrepent
935 4369 1027 4435 tacta.
1082 4369 1114 4432 ln
1136 4367 1247 4435 Jesnm
1269 4368 1427 4434 Christum

184 4470 350 4537 Dominum
373 4473 478 4537 oculos
501 4473 697 4538 intendamus
716 4474 747 4538 et
760 4474 894 4540 mentes:
917 4473 970 4556 qni
993 4474 1029 4537 ut
1049 4475 1167 4538 veritas
1188 4474 1246 4549 est,
1269 4473 1429 4555 perdocuit

183 4593 238 4642 nos
260 4594 338 4658 quae
362 4575 485 4642 credere
508 4575 696 4658 deberemus,
721 4579 755 4642 nt
774 4578 840 4643 nito
853 4578 902 4643 661
917 4581 950 4643 61
965 4580 1028 4655 oio,
1049 4577 1253 4660 semetipsum
1270 4577 1428 4662 proposuit

1568 987 1577 1453 l
