3159 4917
158 255 271 310 Leonte
290 252 376 308 xlii.
396 251 442 307 22.
461 251 531 306 Dec.
550 251 625 306 1887
643 251 886 324 archiepiscopis
905 256 933 307 et
952 254 1110 322 episcopie
1129 251 1297 308 Booortoe.
1338 234 1402 301 359

157 425 385 510 superstitionis
415 423 612 490 immanitate
639 441 736 508 neque
767 442 871 490 rerum
898 421 1095 506 publicarum
1118 424 1350 508 perturbatione
1369 427 1401 492 et

157 529 351 595 conversione
374 527 526 592 exaruerit
550 527 681 609 penitus.
725 526 845 609 Quare,
880 528 938 593 sub
973 527 1090 593 exitum
1124 527 1239 594 saeculi
1264 528 1400 612 septimi,

156 635 272 699 iactum
305 636 369 708 est,
404 634 455 710 ut,
487 651 580 715 quum
618 631 791 714 Repertus,
826 631 986 716 episcopus
1016 633 1142 697 sanctus
1164 632 1399 730 vormatiensis,

157 737 318 803 Theodoro
349 735 502 801 invitante
524 735 676 800 Bavariae
699 733 794 814 duce,
830 734 1033 801 christianam
1069 735 1162 801 tidem
1194 755 1248 820 per
1276 736 1401 802 easdem

158 841 298 926 regiones
323 838 569 905 exsuscitandam
592 837 903 923 amplificandamque
924 857 1091 924 eggressus
1113 842 1204 919 esset,
1227 859 1302 906 sane
1320 840 1401 904 mul-

158 951 221 1022 tos,
252 949 318 1010 tum
343 945 475 1010 cultores
498 943 568 1008 fidei
593 945 661 1008 tum
684 943 750 1008 eius
775 945 1009 1028 amplectendae
1034 943 1204 1022 studiosos,
1235 945 1267 1010 in
1300 945 1402 1011 media

158 1051 374 1133 superstitione
397 1048 553 1132 repererit.
599 1047 669 1130 Ipse
692 1050 797 1114 autem
821 1048 951 1113 eximius
973 1047 1131 1132 princepe,
1153 1045 1318 1126 Theodori,
1341 1066 1400 1132 quo

159 1156 229 1220 iidei
253 1153 422 1238 urgebatur
445 1153 562 1228 ardore,
583 1169 743 1216 romanum
762 1153 825 1217 iter
846 1151 992 1236 suscepit,
1018 1154 1050 1218 et
1072 1170 1186 1235 pronus
1205 1151 1245 1217 ad
1260 1152 1402 1236 sepulcre

158 1259 210 1326 SS.
231 1257 458 1342 Apostolorum,
482 1257 618 1340 itemque
641 1255 679 1320 ad
697 1260 866 1339 augustum
883 1255 960 1323 Jesn
976 1255 1091 1322 Christi
1111 1255 1279 1333 vicarium,
1298 1275 1400 1322 erem·

157 1364 242 1447 plum
265 1363 392 1446 pietatis
414 1361 445 1426 et
468 1359 691 1426 coniunctionis
715 1360 865 1425 Banariee
885 1379 953 1425 cnm
978 1359 1036 1426 bac
1052 1359 1231 1443 apostolica
1245 1358 1322 1437 Sede
1338 1360 1400 1444 pri·

158 1486 227 1531 mus
250 1463 349 1531 edidit
372 1465 606 1544 nobilissimum,
630 1462 710 1547 quod
734 1463 788 1529 alii
811 1463 942 1529 subinde
962 1463 1081 1550 egregii
1097 1463 1250 1549 principes
1264 1466 1337 1530 suut
1352 1483 1400 1529 re-

158 1571 266 1656 ligiose
289 1570 416 1635 imitati.
443 1607 477 1616 -
506 1567 662 1634 Paridem
686 1570 808 1652 tempus
829 1568 1003 1635 Gardiualis
1024 1569 1260 1647 Martiniomrs,
1283 1569 1401 1653 episco-

158 1693 214 1760 pus
236 1673 430 1752 sabinensis,
454 1692 473 1738 a
493 1675 598 1738 sancto
622 1672 773 1739 Pontifice
797 1672 946 1757 Gregorio
969 1671 1010 1738 IL
1034 1672 1067 1738 in
1091 1673 1253 1738 Garamam
1277 1673 1401 1757 legatus

157 1780 214 1854 est,
237 1779 290 1862 qui
314 1779 404 1842 rebus
427 1777 590 1843 catholicis
610 1777 748 1842 subsidia
770 1778 802 1842 et
824 1778 1016 1842 incrementa
1037 1777 1169 1855 afferret,
1194 1776 1329 1861 sociique
1344 1776 1400 1841 ad-

158 1884 215 1948 diti
239 1883 395 1966 Georgius
416 1884 448 1946 at
470 1880 655 1960 Dorotheus,
676 1881 850 1947 cardinales
872 1882 963 1948 ambo
977 1881 1134 1948 Ecclesiae
1150 1900 1302 1946 romanae.
1331 1881 1400 1946 Non

157 1989 203 2053 ita
226 1988 325 2053 multo
348 1991 419 2076 post
438 1986 565 2050 Romam
590 1985 628 2050 ad
653 2005 808 2054 summum
832 1982 1012 2053 Pontificem
1042 1986 1198 2070 proiectus
1221 1988 1268 2051 est
1292 1984 1401 2053 Corbi-

156 2094 274 2158 m'cmas
297 2091 464 2174 Episcopus
486 2089 710 2174 Erisingensis,
741 2091 787 2155 uir
819 2090 1023 2157 sanctimonia
1052 2090 1135 2156 vitae
1165 2091 1272 2173 suique
1295 2089 1396 2172 despi-

157 2197 271 2263 cientia
290 2196 438 2280 insignis,
471 2196 522 2279 qui
551 2195 735 2279 apostolicos
764 2195 892 2279 Ruperti
915 2195 1033 2261 labores
1055 2195 1123 2278 pari
1146 2194 1284 2260 laborum
1306 2193 1399 2258 indu·

157 2303 235 2365 stria
258 2301 451 2366 confirmavit
466 2303 497 2365 et
512 2301 605 2366 aurit.
637 2299 693 2366 Gui
717 2319 787 2365 vero
807 2300 874 2364 laus
898 2301 1027 2365 debetur
1049 2320 1121 2382 prae
1144 2299 1263 2376 ceteris,
1286 2298 1399 2362 aluisse

158 2407 190 2467 et
213 2403 377 2468 excoluisse
401 2403 491 2466 fidem
515 2401 547 2465 in
572 2401 715 2481 Bavurie,
739 2403 766 2467 is
790 2403 881 2468 tacile
904 2405 952 2467 est
974 2403 1101 2468 sanctus
1124 2401 1326 2483 Bonifocius,
1349 2420 1399 2466 ar·

158 2507 367 2589 chiepiscopus
392 2506 611 2588 bloguntinus3
635 2506 700 2589 ipse
722 2506 775 2589 qui
799 2506 983 2574 Germaniae
1000 2507 1190 2572 christianae
1204 2508 1303 2590 pater,
1327 2523 1398 2588 apo·

158 2610 266 2687 stolus,
289 2613 406 2694 martyr
429 2611 598 2674 immortali
620 2610 838 2693 vcmssimoqne
854 2611 1016 2693 praeconio
1031 2611 1214 2676 celebratur.
1237 2609 1300 2674 Hic
1314 2609 1399 2692 lega·

156 2717 255 2782 tiones
270 2716 390 2800 peregit
406 2735 424 2779 a
441 2715 574 2780 romanie
592 2715 802 2792 Pontificibus,
824 2715 982 2801 Gregoriis
996 2715 1038 2780 11.
1054 2717 1086 2782 et
1102 2715 1160 2781 lll.
1183 2733 1219 2779 ac
1237 2713 1398 2790 Zacharia,

156 2823 284 2905 quorum
311 2821 443 2886 maxima
465 2839 584 2903 semper
607 2820 711 2885 floruit
735 2821 855 2903 gratia,
880 2819 1117 2909 eorumdemque
1137 2818 1260 2884 nomine
1275 2818 1307 2884 et
1327 2837 1398 2882 auc-

155 2923 283 2989 toritate
300 2926 439 3007 regiones
455 2925 606 2988 Bavariae
626 2927 657 2988 in
676 2925 829 2989 dioeceses
843 2924 1016 3006 descripsit,
1040 2925 1131 3007 atque
1146 2923 1192 2987 ita
1208 2921 1398 2986 hierarchiae

156 3028 312 3094 ordinibus
335 3028 531 3107 constitutis,
564 3029 690 3093 insitam
724 3028 816 3093 hdem
839 3028 877 3093 ad
898 3027 1137 3112 perpetuitatem
1161 3024 1396 3092 commendarit.

156 3136 241 3217 Aper
264 3133 439 3198 dominicus
460 3133 611 3198 scribente
635 3133 672 3196 ad
697 3133 797 3216 ipsum
822 3133 1016 3199 Bonilacium
1040 3131 1071 3198 S.
1097 3131 1247 3216 Gregorio
1268 3131 1321 3206 ΙΙ..
1345 3132 1399 3213 qai

155 3237 292 3303 incultus
313 3237 444 3315 iacebat,
471 3244 499 3302 et
521 3239 688 3318 epicorum
710 3237 828 3303 acalcie
851 3259 889 3304 es
910 3238 1095 3321 infidelitate
1108 3239 1257 3320 ripuerot,
1279 3255 1399 3301 comere

155 3349 226 3408 tuoe
242 3343 403 3408 doctrinae
417 3348 576 3419 morante,
600 3363 705 3408 semea
719 3342 806 3408 ocrhi
820 3344 963 3424 careph
987 3342 1164 3422 etfcrttiem
1181 3361 1310 3408 messem
1320 3361 1397 3422 pro·

156 3447 226 3512 tulit
245 3447 416 3530 fidelitatis.
453 3447 522 3532 (Ep.
539 3446 628 3512 Xlll.
653 3444 692 3510 ad
718 3446 920 3511 Bonilacium.
944 3483 986 3497 -
1010 3444 1072 3510 Gir.
1096 3443 1253 3510 labbeum
1269 3443 1396 3510 Gollect

156 3549 247 3617 Gonc.
274 3551 309 3617 V.
335 3551 446 3635 vill).

262 3654 318 3718 lllo
341 3673 376 3718 ex
398 3659 535 3739 tempore
553 3655 740 3719 Bruaromm
756 3654 876 3737 religio,
897 3653 1096 3736 quantumuis
1112 3653 1252 3717 aetatum
1267 3651 1398 3717 decursu

155 3759 277 3821 tentata
299 3761 463 3836 acerrime,
497 3759 536 3823 ad
559 3777 664 3824 omnes
686 3778 789 3823 rerum
812 3757 951 3823 ciuilium
973 3776 1064 3822 casus
1091 3756 1178 3821 salva
1199 3757 1230 3821 et
1254 3760 1398 3821 constans

156 3861 334 3942 permansit.
371 3861 491 3926 Etenim
516 3862 637 3927 secutae
661 3863 732 3927 sunt
758 3862 883 3946 quidem
905 3861 1015 3926 turbae
1037 3861 1110 3926 illae
1133 3862 1165 3925 et
1187 3860 1397 3926 contentiones

155 3964 276 4046 imperii
299 3962 443 4028 adversus
471 3966 684 4042 sacerdotium,
707 3984 842 4050 asperae,
866 3965 1040 4044 diuturnae,
1064 3963 1283 4041 calamitosam
1306 3963 1337 4028 in
1360 3965 1397 4028 iis

155 4071 259 4132 temen
283 4069 352 4152 plue
374 4087 443 4134 vere
467 4068 527 4134 fuit
549 4070 705 4135 Ecclesiae
739 4071 819 4153 quod
853 4070 1024 4134 laetaretur
1057 4069 1090 4134 in
1123 4068 1269 4146 Bauaris,
1304 4087 1396 4152 quam

156 4172 235 4254 qnod
259 4171 385 4238 doleret.
432 4172 558 4238 Summa
581 4175 685 4239 autem
709 4175 917 4251 consensione,
940 4193 958 4238 a
980 4172 1129 4258 Gregorio
1152 4171 1224 4251 xl,
1250 4171 1398 4238 Pontihca

154 4276 313 4360 legitimo,
348 4277 405 4359 ipsi
438 4280 607 4355 steterunt,
645 4278 795 4343 effrenati
825 4279 1041 4343 dissidentium
1064 4276 1195 4342 audacia
1219 4277 1396 4362 neutiquam

155 4381 344 4459 dimoveris,
376 4382 491 4446 trustra
515 4383 695 4460 minitante;
721 4384 769 4460 et,
794 4383 875 4466 quod
898 4382 1081 4464 perarduum
1104 4382 1185 4456 erat,
1209 4380 1302 4464 longo
1326 4381 1398 4446 inde

154 4484 324 4564 intervallo,
349 4485 426 4549 nihil
451 4487 480 4549 vi
505 4489 597 4570 atque
620 4487 738 4570 impetu
761 4487 952 4553 Noratorum
975 4485 1146 4564 absterriti,
1168 4484 1241 4550 fidei
1267 4484 1396 4569 iutegri-

152 4593 250 4657 tatem
273 4591 305 4656 et
327 4593 461 4656 veterem
484 4610 554 4656 cum
577 4611 703 4657 romana
726 4591 864 4658 Ecclesia
887 4591 1131 4658 coniunctionem
1153 4589 1297 4674 religiose
1311 4609 1395 4656 sem·
