<?xml version="1.0" encoding="UTF-8"?>
<!DOCTYPE html PUBLIC "-//W3C//DTD XHTML 1.0 Transitional//EN"
    "http://www.w3.org/TR/xhtml1/DTD/xhtml1-transitional.dtd">
<html xmlns="http://www.w3.org/1999/xhtml" xml:lang="en" lang="en">
 <head>
  <title>
</title>
<meta http-equiv="Content-Type" content="text/html;charset=utf-8" />
  <meta name='ocr-system' content='tesseract 3.04.00' />
  <meta name='ocr-capabilities' content='ocr_page ocr_carea ocr_par ocr_line ocrx_word'/>
</head>
<body>
  <div class='ocr_page' id='page_1' title='image "./archivfrkatholi24jurigoog/archivfrkatholi24jurigoog_0172.png"; bbox 0 0 3159 4917; ppageno 0'>
   <div class='ocr_carea' id='block_1_1' title="bbox 296 202 1384 294">
    <p class='ocr_par' dir='ltr' id='par_1_1' title="bbox 296 202 1384 294">
     <span class='ocr_line' id='line_1_1' title="bbox 296 202 1384 294; baseline -0.018 -8"><span class='ocrx_word' id='word_1_1' title='bbox 296 227 399 294; x_wconf 75' lang='lat' dir='ltr'><strong>lineas,</strong></span> <span class='ocrx_word' id='word_1_2' title='bbox 419 227 529 283; x_wconf 75' lang='lat' dir='ltr'><strong>Oratio</strong></span> <span class='ocrx_word' id='word_1_3' title='bbox 548 225 615 282; x_wconf 80' lang='lat' dir='ltr'><strong>tub.</strong></span> <span class='ocrx_word' id='word_1_4' title='bbox 633 227 669 281; x_wconf 77' lang='lat' dir='ltr'><strong>in</strong></span> <span class='ocrx_word' id='word_1_5' title='bbox 689 221 805 281; x_wconf 75' lang='lat' dir='ltr'><strong>onear.</strong></span> <span class='ocrx_word' id='word_1_6' title='bbox 822 221 918 279; x_wconf 76' lang='lat' dir='ltr'><strong>Vatia.</strong></span> <span class='ocrx_word' id='word_1_7' title='bbox 936 224 966 277; x_wconf 74' lang='lat' dir='ltr'><strong>d</strong></span> <span class='ocrx_word' id='word_1_8' title='bbox 985 220 1029 278; x_wconf 83' lang='lat'><strong>21.</strong></span> <span class='ocrx_word' id='word_1_9' title='bbox 1049 222 1130 278; x_wconf 75' lang='lat' dir='ltr'><strong>Mota·</strong></span> <span class='ocrx_word' id='word_1_10' title='bbox 1146 217 1233 277; x_wconf 79' lang='lat'><strong><em>1870.</em></strong></span> <span class='ocrx_word' id='word_1_11' title='bbox 1323 202 1384 268; x_wconf 79' lang='lat'><strong>169</strong></span> 
     </span>
    </p>
   </div>
   <div class='ocr_carea' id='block_1_2' title="bbox 139 390 1388 2772">
    <p class='ocr_par' dir='ltr' id='par_1_2' title="bbox 139 390 1388 2237">
     <span class='ocr_line' id='line_1_2' title="bbox 139 390 1387 483; baseline -0.008 -15"><span class='ocrx_word' id='word_1_12' title='bbox 139 400 300 468; x_wconf 84' lang='lat' dir='ltr'><strong>contraria</strong></span> <span class='ocrx_word' id='word_1_13' title='bbox 327 399 487 483; x_wconf 88' lang='lat' dir='ltr'><strong>hucusque</strong></span> <span class='ocrx_word' id='word_1_14' title='bbox 510 399 646 465; x_wconf 85' lang='lat' dir='ltr'><strong>tolerata</strong></span> <span class='ocrx_word' id='word_1_15' title='bbox 678 390 892 462; x_wconf 82' lang='lat' dir='ltr'><strong>nibilominus</strong></span> <span class='ocrx_word' id='word_1_16' title='bbox 914 395 1039 463; x_wconf 90' lang='lat' dir='ltr'><strong>decreta</strong></span> <span class='ocrx_word' id='word_1_17' title='bbox 1074 393 1231 479; x_wconf 86' lang='lat' dir='ltr'><strong>pontificia</strong></span> <span class='ocrx_word' id='word_1_18' title='bbox 1264 410 1387 459; x_wconf 89' lang='lat' dir='ltr'><strong>summa</strong></span> 
     </span>
     <span class='ocr_line' id='line_1_3' title="bbox 140 497 1387 584; baseline -0.007 -12"><span class='ocrx_word' id='word_1_19' title='bbox 140 525 216 572; x_wconf 88' lang='lat' dir='ltr'><strong>cum</strong></span> <span class='ocrx_word' id='word_1_20' title='bbox 238 504 410 570; x_wconf 85' lang='lat' dir='ltr'><strong>reverentia</strong></span> <span class='ocrx_word' id='word_1_21' title='bbox 432 503 464 568; x_wconf 91' lang='lat' dir='ltr'><strong>et</strong></span> <span class='ocrx_word' id='word_1_22' title='bbox 486 501 663 568; x_wconf 90' lang='lat' dir='ltr'><strong>obedientia</strong></span> <span class='ocrx_word' id='word_1_23' title='bbox 682 500 796 584; x_wconf 89' lang='lat' dir='ltr'><strong>ubique</strong></span> <span class='ocrx_word' id='word_1_24' title='bbox 817 502 961 584; x_wconf 87' lang='lat' dir='ltr'><strong>suscepta</strong></span> <span class='ocrx_word' id='word_1_25' title='bbox 977 499 1063 566; x_wconf 75' lang='lat' dir='ltr'><strong>sint?</strong></span> <span class='ocrx_word' id='word_1_26' title='bbox 1085 500 1133 564; x_wconf 76' lang='lat' dir='ltr'><strong>Au</strong></span> <span class='ocrx_word' id='word_1_27' title='bbox 1149 518 1208 564; x_wconf 91' lang='lat' dir='ltr'><strong>nou</strong></span> <span class='ocrx_word' id='word_1_28' title='bbox 1231 497 1387 566; x_wconf 85' lang='lat' dir='ltr'><strong>sufficiens</strong></span> 
     </span>
     <span class='ocr_line' id='line_1_4' title="bbox 141 599 1386 693; baseline -0.009 -18"><span class='ocrx_word' id='word_1_29' title='bbox 141 609 207 675; x_wconf 82' lang='lat' dir='ltr'><strong>fuit</strong></span> <span class='ocrx_word' id='word_1_30' title='bbox 226 609 294 693; x_wconf 89' lang='lat' dir='ltr'><strong>ejus</strong></span> <span class='ocrx_word' id='word_1_31' title='bbox 316 607 487 674; x_wconf 73' lang='lat' dir='ltr'><strong>auctoritas</strong></span> <span class='ocrx_word' id='word_1_32' title='bbox 508 607 603 672; x_wconf 91' lang='lat' dir='ltr'><strong>etiam</strong></span> <span class='ocrx_word' id='word_1_33' title='bbox 623 604 766 672; x_wconf 86' lang='lat' dir='ltr'><strong>lallibilis</strong></span> <span class='ocrx_word' id='word_1_34' title='bbox 782 603 822 672; x_wconf 89' lang='lat' dir='ltr'><strong>ad</strong></span> <span class='ocrx_word' id='word_1_35' title='bbox 837 604 1042 670; x_wconf 79' lang='lat' dir='ltr'><strong>dirimendam</strong></span> <span class='ocrx_word' id='word_1_36' title='bbox 1057 602 1296 670; x_wconf 85' lang='lat' dir='ltr'><strong>controversiam</strong></span> <span class='ocrx_word' id='word_1_37' title='bbox 1307 599 1386 666; x_wconf 89' lang='lat' dir='ltr'><strong>Jan·</strong></span> 
     </span>
     <span class='ocr_line' id='line_1_5' title="bbox 141 705 1387 795; baseline -0.008 -15"><span class='ocrx_word' id='word_1_38' title='bbox 141 713 348 781; x_wconf 73' lang='lat' dir='ltr'><strong>senisticaml</strong></span> <span class='ocrx_word' id='word_1_39' title='bbox 368 714 416 778; x_wconf 84' lang='lat' dir='ltr'><strong>An</strong></span> <span class='ocrx_word' id='word_1_40' title='bbox 440 730 499 778; x_wconf 91' lang='lat' dir='ltr'><strong>non</strong></span> <span class='ocrx_word' id='word_1_41' title='bbox 521 730 575 795; x_wconf 91' lang='lat' dir='ltr'><strong>per</strong></span> <span class='ocrx_word' id='word_1_42' title='bbox 598 710 815 778; x_wconf 74' lang='lat' dir='ltr'><strong>concordatum</strong></span> <span class='ocrx_word' id='word_1_43' title='bbox 832 708 905 776; x_wconf 91' lang='lat' dir='ltr'><strong>anui</strong></span> <span class='ocrx_word' id='word_1_44' title='bbox 924 710 1007 775; x_wconf 81' lang='lat'>1802</span> <span class='ocrx_word' id='word_1_45' title='bbox 1022 711 1126 775; x_wconf 69' lang='lat' dir='ltr'><strong>amum</strong></span> <span class='ocrx_word' id='word_1_46' title='bbox 1146 705 1387 790; x_wconf 87' lang='lat' dir='ltr'><strong>omnipotentiae</strong></span> 
     </span>
     <span class='ocr_line' id='line_1_6' title="bbox 142 812 1202 902; baseline -0.008 -18"><span class='ocrx_word' id='word_1_47' title='bbox 142 835 284 884; x_wconf 82' lang='lat' dir='ltr'><strong>exercere</strong></span> <span class='ocrx_word' id='word_1_48' title='bbox 307 817 409 902; x_wconf 89' lang='lat' dir='ltr'><strong>potuit</strong></span> <span class='ocrx_word' id='word_1_49' title='bbox 432 817 506 882; x_wconf 89' lang='lat' dir='ltr'><strong>Pius</strong></span> <span class='ocrx_word' id='word_1_50' title='bbox 530 813 610 896; x_wconf 81' lang='lat' dir='ltr'><strong>Vll,</strong></span> <span class='ocrx_word' id='word_1_51' title='bbox 634 813 709 900; x_wconf 87' lang='lat' dir='ltr'><strong>quin</strong></span> <span class='ocrx_word' id='word_1_52' title='bbox 730 814 814 880; x_wconf 90' lang='lat' dir='ltr'><strong>nllus</strong></span> <span class='ocrx_word' id='word_1_53' title='bbox 836 832 972 897; x_wconf 89' lang='lat' dir='ltr'><strong>unquam</strong></span> <span class='ocrx_word' id='word_1_54' title='bbox 994 812 1202 880; x_wconf 73' lang='lat' dir='ltr'><strong>reclamaret?</strong></span> 
     </span>
     <span class='ocr_line' id='line_1_7' title="bbox 250 915 1386 1006; baseline -0.008 -18"><span class='ocrx_word' id='word_1_55' title='bbox 250 921 416 1006; x_wconf 77' lang='lat' dir='ltr'><strong>Responsio</strong></span> <span class='ocrx_word' id='word_1_56' title='bbox 437 919 468 985; x_wconf 92' lang='lat' dir='ltr'><strong>in</strong></span> <span class='ocrx_word' id='word_1_57' title='bbox 491 921 636 1005; x_wconf 88' lang='lat' dir='ltr'><strong>promptu</strong></span> <span class='ocrx_word' id='word_1_58' title='bbox 656 919 714 986; x_wconf 88' lang='lat' dir='ltr'><strong>est.</strong></span> <span class='ocrx_word' id='word_1_59' title='bbox 759 917 909 1000; x_wconf 72' lang='lat' dir='ltr'><strong>Exempla</strong></span> <span class='ocrx_word' id='word_1_60' title='bbox 939 936 958 981; x_wconf 89' lang='lat' dir='ltr'><strong>a</strong></span> <span class='ocrx_word' id='word_1_61' title='bbox 995 915 1259 984; x_wconf 82' lang='lat' dir='ltr'><strong>Reverendisaimo</strong></span> <span class='ocrx_word' id='word_1_62' title='bbox 1293 915 1386 980; x_wconf 89' lang='lat' dir='ltr'><strong>Patre</strong></span> 
     </span>
     <span class='ocr_line' id='line_1_8' title="bbox 142 1019 1386 1110; baseline -0.008 -16"><span class='ocrx_word' id='word_1_63' title='bbox 142 1027 244 1094; x_wconf 88' lang='lat' dir='ltr'><strong>citata</strong></span> <span class='ocrx_word' id='word_1_64' title='bbox 266 1027 402 1110; x_wconf 89' lang='lat' dir='ltr'><strong>praecise</strong></span> <span class='ocrx_word' id='word_1_65' title='bbox 424 1029 532 1093; x_wconf 86' lang='lat' dir='ltr'><strong>contra</strong></span> <span class='ocrx_word' id='word_1_66' title='bbox 553 1026 656 1110; x_wconf 90' lang='lat' dir='ltr'><strong>ipsum</strong></span> <span class='ocrx_word' id='word_1_67' title='bbox 677 1023 856 1109; x_wconf 88' lang='lat' dir='ltr'><strong>etquidem</strong></span> <span class='ocrx_word' id='word_1_68' title='bbox 877 1022 992 1089; x_wconf 80' lang='lat' dir='ltr'><strong>invicte</strong></span> <span class='ocrx_word' id='word_1_69' title='bbox 1014 1021 1156 1106; x_wconf 88' lang='lat' dir='ltr'><strong>probant.</strong></span> <span class='ocrx_word' id='word_1_70' title='bbox 1190 1019 1292 1102; x_wconf 81' lang='lat' dir='ltr'><strong>Quare</strong></span> <span class='ocrx_word' id='word_1_71' title='bbox 1306 1019 1386 1086; x_wconf 84' lang='lat' dir='ltr'><strong>Jan·</strong></span> 
     </span>
     <span class='ocr_line' id='line_1_9' title="bbox 143 1123 1387 1197; baseline -0.006 0"><span class='ocrx_word' id='word_1_72' title='bbox 143 1132 280 1197; x_wconf 71' lang='lat' dir='ltr'><strong>maistas</strong></span> <span class='ocrx_word' id='word_1_73' title='bbox 312 1132 377 1196; x_wconf 88' lang='lat' dir='ltr'><strong>tam</strong></span> <span class='ocrx_word' id='word_1_74' title='bbox 409 1129 461 1194; x_wconf 92' lang='lat' dir='ltr'><strong>diu</strong></span> <span class='ocrx_word' id='word_1_75' title='bbox 495 1131 528 1194; x_wconf 92' lang='lat' dir='ltr'><strong>et</strong></span> <span class='ocrx_word' id='word_1_76' title='bbox 556 1131 621 1196; x_wconf 89' lang='lat' dir='ltr'><strong>tam</strong></span> <span class='ocrx_word' id='word_1_77' title='bbox 648 1127 804 1193; x_wconf 88' lang='lat' dir='ltr'><strong>obstinate</strong></span> <span class='ocrx_word' id='word_1_78' title='bbox 825 1126 960 1193; x_wconf 87' lang='lat' dir='ltr'><strong>decretis</strong></span> <span class='ocrx_word' id='word_1_79' title='bbox 983 1125 1155 1193; x_wconf 86' lang='lat' dir='ltr'><strong>Pontificiis</strong></span> <span class='ocrx_word' id='word_1_80' title='bbox 1177 1123 1387 1191; x_wconf 74' lang='lat' dir='ltr'><strong>restiterunt?</strong></span> 
     </span>
     <span class='ocr_line' id='line_1_10' title="bbox 144 1226 1385 1318; baseline -0.006 -18"><span class='ocrx_word' id='word_1_81' title='bbox 144 1236 248 1318; x_wconf 84' lang='lat' dir='ltr'><strong>Quare</strong></span> <span class='ocrx_word' id='word_1_82' title='bbox 263 1234 349 1300; x_wconf 90' lang='lat' dir='ltr'><strong>bulla</strong></span> <span class='ocrx_word' id='word_1_83' title='bbox 369 1231 555 1318; x_wconf 71' lang='lat' dir='ltr'><strong>napaeos</strong></span> <span class='ocrx_word' id='word_1_84' title='bbox 573 1232 639 1298; x_wconf 87' lang='lat' dir='ltr'><strong>tam</strong></span> <span class='ocrx_word' id='word_1_85' title='bbox 659 1231 748 1298; x_wconf 87' lang='lat' dir='ltr'><strong>tarde</strong></span> <span class='ocrx_word' id='word_1_86' title='bbox 763 1233 880 1316; x_wconf 87' lang='lat' dir='ltr'><strong>etpost</strong></span> <span class='ocrx_word' id='word_1_87' title='bbox 896 1233 945 1296; x_wconf 92' lang='lat' dir='ltr'><strong>tot</strong></span> <span class='ocrx_word' id='word_1_88' title='bbox 962 1230 995 1297; x_wconf 93' lang='lat' dir='ltr'><strong>et</strong></span> <span class='ocrx_word' id='word_1_89' title='bbox 1012 1231 1120 1297; x_wconf 89' lang='lat' dir='ltr'><strong>tantas</strong></span> <span class='ocrx_word' id='word_1_90' title='bbox 1136 1226 1339 1294; x_wconf 85' lang='lat' dir='ltr'><strong>difficultates</strong></span> <span class='ocrx_word' id='word_1_91' title='bbox 1353 1227 1385 1292; x_wconf 94' lang='lat' dir='ltr'><strong>in</strong></span> 
     </span>
     <span class='ocr_line' id='line_1_11' title="bbox 144 1330 1385 1422; baseline -0.007 -18"><span class='ocrx_word' id='word_1_92' title='bbox 144 1339 250 1404; x_wconf 84' lang='lat' dir='ltr'><strong>Gallia</strong></span> <span class='ocrx_word' id='word_1_93' title='bbox 269 1341 392 1422; x_wconf 88' lang='lat' dir='ltr'><strong>recepta</strong></span> <span class='ocrx_word' id='word_1_94' title='bbox 415 1339 487 1402; x_wconf 80' lang='lat' dir='ltr'><strong>eet?</strong></span> <span class='ocrx_word' id='word_1_95' title='bbox 510 1336 611 1419; x_wconf 84' lang='lat' dir='ltr'><strong>Quare</strong></span> <span class='ocrx_word' id='word_1_96' title='bbox 631 1337 696 1401; x_wconf 89' lang='lat' dir='ltr'><strong>tam</strong></span> <span class='ocrx_word' id='word_1_97' title='bbox 720 1335 823 1415; x_wconf 89' lang='lat' dir='ltr'><strong>multi,</strong></span> <span class='ocrx_word' id='word_1_98' title='bbox 846 1335 1023 1418; x_wconf 84' lang='lat' dir='ltr'><strong>intorques</strong></span> <span class='ocrx_word' id='word_1_99' title='bbox 1045 1333 1147 1418; x_wconf 85' lang='lat' dir='ltr'><strong>plures</strong></span> <span class='ocrx_word' id='word_1_100' title='bbox 1171 1331 1322 1416; x_wconf 80' lang='lat' dir='ltr'><strong>llpiscopi,</strong></span> <span class='ocrx_word' id='word_1_101' title='bbox 1346 1330 1385 1396; x_wconf 92' lang='lat' dir='ltr'><strong>ad</strong></span> 
     </span>
     <span class='ocr_line' id='line_1_12' title="bbox 144 1434 1388 1526; baseline -0.006 -18"><span class='ocrx_word' id='word_1_102' title='bbox 144 1441 317 1509; x_wconf 78' lang='lat' dir='ltr'><strong>Concilium</strong></span> <span class='ocrx_word' id='word_1_103' title='bbox 334 1441 477 1526; x_wconf 83' lang='lat' dir='ltr'><strong>generale</strong></span> <span class='ocrx_word' id='word_1_104' title='bbox 493 1439 531 1506; x_wconf 92' lang='lat' dir='ltr'><strong>do</strong></span> <span class='ocrx_word' id='word_1_105' title='bbox 545 1439 700 1507; x_wconf 88' lang='lat' dir='ltr'><strong>sententia</strong></span> <span class='ocrx_word' id='word_1_106' title='bbox 715 1437 877 1506; x_wconf 88' lang='lat' dir='ltr'><strong>Pontificis</strong></span> <span class='ocrx_word' id='word_1_107' title='bbox 889 1458 942 1522; x_wconf 91' lang='lat' dir='ltr'><strong>per</strong></span> <span class='ocrx_word' id='word_1_108' title='bbox 958 1435 1069 1522; x_wconf 78' lang='lat' dir='ltr'><strong>viginti</strong></span> <span class='ocrx_word' id='word_1_109' title='bbox 1085 1455 1180 1504; x_wconf 87' lang='lat' dir='ltr'><strong>anuos</strong></span> <span class='ocrx_word' id='word_1_110' title='bbox 1192 1434 1388 1520; x_wconf 90' lang='lat' dir='ltr'><strong>appellarunt</strong></span> 
     </span>
     <span class='ocr_line' id='line_1_13' title="bbox 143 1541 1385 1632; baseline -0.007 -19"><span class='ocrx_word' id='word_1_111' title='bbox 143 1546 322 1632; x_wconf 88' lang='lat' dir='ltr'><strong>etquidem</strong></span> <span class='ocrx_word' id='word_1_112' title='bbox 348 1544 480 1611; x_wconf 88' lang='lat' dir='ltr'><strong>maxima</strong></span> <span class='ocrx_word' id='word_1_113' title='bbox 502 1563 572 1610; x_wconf 92' lang='lat' dir='ltr'><strong>cum</strong></span> <span class='ocrx_word' id='word_1_114' title='bbox 594 1544 825 1627; x_wconf 88' lang='lat' dir='ltr'><strong>perturbatione</strong></span> <span class='ocrx_word' id='word_1_115' title='bbox 847 1545 879 1609; x_wconf 93' lang='lat' dir='ltr'><strong>et</strong></span> <span class='ocrx_word' id='word_1_116' title='bbox 897 1542 1042 1608; x_wconf 89' lang='lat' dir='ltr'><strong>scandalo</strong></span> <span class='ocrx_word' id='word_1_117' title='bbox 1064 1541 1262 1607; x_wconf 78' lang='lat' dir='ltr'><strong>animarum?</strong></span> <span class='ocrx_word' id='word_1_118' title='bbox 1290 1541 1385 1605; x_wconf 89' lang='lat' dir='ltr'><strong>Prae·</strong></span> 
     </span>
     <span class='ocr_line' id='line_1_14' title="bbox 144 1643 1383 1736; baseline -0.009 -18"><span class='ocrx_word' id='word_1_119' title='bbox 144 1651 209 1718; x_wconf 85' lang='lat' dir='ltr'><strong>eise</strong></span> <span class='ocrx_word' id='word_1_120' title='bbox 235 1650 309 1736; x_wconf 87' lang='lat' dir='ltr'><strong>quia</strong></span> <span class='ocrx_word' id='word_1_121' title='bbox 340 1649 514 1715; x_wconf 84' lang='lat' dir='ltr'><strong>invaluerat</strong></span> <span class='ocrx_word' id='word_1_122' title='bbox 545 1647 577 1712; x_wconf 92' lang='lat' dir='ltr'><strong>in</strong></span> <span class='ocrx_word' id='word_1_123' title='bbox 606 1649 774 1714; x_wconf 90' lang='lat' dir='ltr'><strong>multorum</strong></span> <span class='ocrx_word' id='word_1_124' title='bbox 804 1647 916 1713; x_wconf 89' lang='lat' dir='ltr'><strong>animis</strong></span> <span class='ocrx_word' id='word_1_125' title='bbox 938 1666 1023 1712; x_wconf 90' lang='lat' dir='ltr'><strong>error</strong></span> <span class='ocrx_word' id='word_1_126' title='bbox 1045 1646 1083 1712; x_wconf 89' lang='lat' dir='ltr'><strong>de</strong></span> <span class='ocrx_word' id='word_1_127' title='bbox 1104 1644 1297 1711; x_wconf 86' lang='lat' dir='ltr'><strong>lallibilitate</strong></span> <span class='ocrx_word' id='word_1_128' title='bbox 1321 1643 1383 1709; x_wconf 86' lang='lat' dir='ltr'><strong>lto·</strong></span> 
     </span>
     <span class='ocr_line' id='line_1_15' title="bbox 144 1748 1387 1836; baseline -0.006 -15"><span class='ocrx_word' id='word_1_129' title='bbox 144 1754 231 1820; x_wconf 89' lang='lat' dir='ltr'><strong>mani</strong></span> <span class='ocrx_word' id='word_1_130' title='bbox 255 1750 424 1820; x_wconf 89' lang='lat' dir='ltr'><strong>Pontificis.</strong></span> <span class='ocrx_word' id='word_1_131' title='bbox 469 1751 501 1818; x_wconf 87' lang='lat' dir='ltr'><strong>Si</strong></span> <span class='ocrx_word' id='word_1_132' title='bbox 525 1752 696 1818; x_wconf 89' lang='lat' dir='ltr'><strong>miserrima</strong></span> <span class='ocrx_word' id='word_1_133' title='bbox 718 1750 794 1817; x_wconf 90' lang='lat' dir='ltr'><strong>baec</strong></span> <span class='ocrx_word' id='word_1_134' title='bbox 816 1751 917 1836; x_wconf 90' lang='lat' dir='ltr'><strong>opinio</strong></span> <span class='ocrx_word' id='word_1_135' title='bbox 940 1771 959 1817; x_wconf 92' lang='lat' dir='ltr'><strong>a</strong></span> <span class='ocrx_word' id='word_1_136' title='bbox 980 1750 1121 1834; x_wconf 88' lang='lat' dir='ltr'><strong>pluribus</strong></span> <span class='ocrx_word' id='word_1_137' title='bbox 1147 1749 1294 1833; x_wconf 87' lang='lat' dir='ltr'><strong>praelatis</strong></span> <span class='ocrx_word' id='word_1_138' title='bbox 1321 1748 1387 1814; x_wconf 88' lang='lat' dir='ltr'><strong>lota</strong></span> 
     </span>
     <span class='ocr_line' id='line_1_16' title="bbox 144 1852 1386 1940; baseline -0.006 -15"><span class='ocrx_word' id='word_1_139' title='bbox 144 1878 208 1925; x_wconf 89' lang='lat' dir='ltr'><strong>non</strong></span> <span class='ocrx_word' id='word_1_140' title='bbox 233 1857 359 1935; x_wconf 83' lang='lat' dir='ltr'><strong>luisset,</strong></span> <span class='ocrx_word' id='word_1_141' title='bbox 389 1875 438 1922; x_wconf 87' lang='lat' dir='ltr'><strong>res</strong></span> <span class='ocrx_word' id='word_1_142' title='bbox 467 1855 677 1922; x_wconf 85' lang='lat' dir='ltr'><strong>Jauuenistioa</strong></span> <span class='ocrx_word' id='word_1_143' title='bbox 703 1873 762 1922; x_wconf 91' lang='lat' dir='ltr'><strong>uon</strong></span> <span class='ocrx_word' id='word_1_144' title='bbox 783 1875 837 1940; x_wconf 90' lang='lat' dir='ltr'><strong>per</strong></span> <span class='ocrx_word' id='word_1_145' title='bbox 859 1855 918 1921; x_wconf 89' lang='lat' dir='ltr'><strong>dun</strong></span> <span class='ocrx_word' id='word_1_146' title='bbox 942 1855 1006 1920; x_wconf 87' lang='lat' dir='ltr'><strong>lere</strong></span> <span class='ocrx_word' id='word_1_147' title='bbox 1028 1854 1151 1920; x_wconf 87' lang='lat' dir='ltr'><strong>saecula</strong></span> <span class='ocrx_word' id='word_1_148' title='bbox 1173 1852 1307 1919; x_wconf 84' lang='lat' dir='ltr'><strong>Gelliam</strong></span> <span class='ocrx_word' id='word_1_149' title='bbox 1331 1870 1386 1918; x_wconf 93' lang='lat' dir='ltr'><strong>no·</strong></span> 
     </span>
     <span class='ocr_line' id='line_1_17' title="bbox 146 1955 1386 2043; baseline -0.006 -14"><span class='ocrx_word' id='word_1_150' title='bbox 146 1965 245 2029; x_wconf 77' lang='lat' dir='ltr'><strong>ubam</strong></span> <span class='ocrx_word' id='word_1_151' title='bbox 267 1961 492 2027; x_wconf 79' lang='lat' dir='ltr'><strong>infaustissimo</strong></span> <span class='ocrx_word' id='word_1_152' title='bbox 515 1959 735 2042; x_wconf 82' lang='lat' dir='ltr'><strong>perturbasset.</strong></span> <span class='ocrx_word' id='word_1_153' title='bbox 771 1959 931 2042; x_wconf 82' lang='lat' dir='ltr'><strong>Quomodo</strong></span> <span class='ocrx_word' id='word_1_154' title='bbox 952 1959 1052 2043; x_wconf 83' lang='lat' dir='ltr'><strong>igitur</strong></span> <span class='ocrx_word' id='word_1_155' title='bbox 1071 1957 1133 2024; x_wconf 92' lang='lat' dir='ltr'><strong>dici</strong></span> <span class='ocrx_word' id='word_1_156' title='bbox 1156 1959 1260 2041; x_wconf 89' lang='lat' dir='ltr'><strong>posset</strong></span> <span class='ocrx_word' id='word_1_157' title='bbox 1282 1955 1386 2022; x_wconf 90' lang='lat' dir='ltr'><strong>decla·</strong></span> 
     </span>
     <span class='ocr_line' id='line_1_18' title="bbox 147 2061 1386 2148; baseline -0.007 -15"><span class='ocrx_word' id='word_1_158' title='bbox 147 2067 298 2134; x_wconf 86' lang='lat' dir='ltr'><strong>rationem</strong></span> <span class='ocrx_word' id='word_1_159' title='bbox 320 2063 555 2131; x_wconf 88' lang='lat' dir='ltr'><strong>inlallibilitatis</strong></span> <span class='ocrx_word' id='word_1_160' title='bbox 578 2063 753 2147; x_wconf 84' lang='lat' dir='ltr'><strong>pontificiae</strong></span> <span class='ocrx_word' id='word_1_161' title='bbox 775 2065 854 2130; x_wconf 91' lang='lat' dir='ltr'><strong>boun</strong></span> <span class='ocrx_word' id='word_1_162' title='bbox 869 2063 1013 2148; x_wconf 82' lang='lat' dir='ltr'><strong>regimini</strong></span> <span class='ocrx_word' id='word_1_163' title='bbox 1029 2061 1184 2128; x_wconf 78' lang='lat' dir='ltr'><strong>Ecclesiae</strong></span> <span class='ocrx_word' id='word_1_164' title='bbox 1203 2062 1311 2127; x_wconf 89' lang='lat' dir='ltr'><strong>utilem</strong></span> <span class='ocrx_word' id='word_1_165' title='bbox 1326 2079 1386 2126; x_wconf 93' lang='lat' dir='ltr'><strong>non</strong></span> 
     </span>
     <span class='ocr_line' id='line_1_19' title="bbox 149 2155 1314 2237; baseline -0.005 -3"><span class='ocrx_word' id='word_1_166' title='bbox 149 2187 216 2237; x_wconf 87' lang='lat' dir='ltr'><strong>asse</strong></span> <span class='ocrx_word' id='word_1_167' title='bbox 239 2169 279 2235; x_wconf 89' lang='lat' dir='ltr'><strong>ad</strong></span> <span class='ocrx_word' id='word_1_168' title='bbox 301 2167 506 2234; x_wconf 89' lang='lat' dir='ltr'><strong>dirimendum</strong></span> <span class='ocrx_word' id='word_1_169' title='bbox 531 2169 639 2234; x_wconf 86' lang='lat' dir='ltr'><strong>statim</strong></span> <span class='ocrx_word' id='word_1_170' title='bbox 662 2168 694 2233; x_wconf 89' lang='lat' dir='ltr'><strong>et</strong></span> <span class='ocrx_word' id='word_1_171' title='bbox 715 2167 895 2236; x_wconf 88' lang='lat' dir='ltr'><strong>immediate</strong></span> <span class='ocrx_word' id='word_1_172' title='bbox 918 2155 1060 2234; x_wconf 87' lang='lat' dir='ltr'><strong>subortas</strong></span> <span class='ocrx_word' id='word_1_173' title='bbox 1081 2165 1314 2232; x_wconf 81' lang='lat' dir='ltr'><strong>controuersias.</strong></span> 
     </span>
    </p>

    <p class='ocr_par' dir='ltr' id='par_1_3' title="bbox 143 2267 1386 2772">
     <span class='ocr_line' id='line_1_20' title="bbox 185 2267 1383 2340; baseline -0.007 0"><span class='ocrx_word' id='word_1_174' title='bbox 185 2322 190 2330; x_wconf 83' lang='lat'><em>.</em></span> <span class='ocrx_word' id='word_1_175' title='bbox 254 2271 368 2340; x_wconf 71' lang='lat' dir='ltr'><strong>Eadem</strong></span> <span class='ocrx_word' id='word_1_176' title='bbox 391 2272 545 2338; x_wconf 88' lang='lat' dir='ltr'><strong>conclusio</strong></span> <span class='ocrx_word' id='word_1_177' title='bbox 568 2271 687 2338; x_wconf 89' lang='lat' dir='ltr'><strong>eruitur</strong></span> <span class='ocrx_word' id='word_1_178' title='bbox 708 2291 745 2338; x_wconf 87' lang='lat' dir='ltr'><strong>ex</strong></span> <span class='ocrx_word' id='word_1_179' title='bbox 768 2273 866 2338; x_wconf 85' lang='lat' dir='ltr'><strong>altero</strong></span> <span class='ocrx_word' id='word_1_180' title='bbox 894 2273 977 2338; x_wconf 86' lang='lat' dir='ltr'><strong>lacto</strong></span> <span class='ocrx_word' id='word_1_181' title='bbox 1000 2291 1019 2337; x_wconf 89' lang='lat' dir='ltr'><strong>a</strong></span> <span class='ocrx_word' id='word_1_182' title='bbox 1049 2271 1121 2337; x_wconf 84' lang='lat' dir='ltr'><strong>Rev.</strong></span> <span class='ocrx_word' id='word_1_183' title='bbox 1143 2267 1308 2335; x_wconf 83' lang='lat' dir='ltr'><strong>Dirouensi</strong></span> <span class='ocrx_word' id='word_1_184' title='bbox 1336 2268 1383 2332; x_wconf 92' lang='lat' dir='ltr'><strong>al-</strong></span> 
     </span>
     <span class='ocr_line' id='line_1_21' title="bbox 146 2372 1386 2463; baseline -0.007 -19"><span class='ocrx_word' id='word_1_185' title='bbox 146 2378 261 2463; x_wconf 86' lang='lat' dir='ltr'><strong>legato.</strong></span> <span class='ocrx_word' id='word_1_186' title='bbox 307 2376 398 2443; x_wconf 83' lang='lat' dir='ltr'><strong>Certe</strong></span> <span class='ocrx_word' id='word_1_187' title='bbox 420 2377 572 2442; x_wconf 83' lang='lat' dir='ltr'><strong>maximae</strong></span> <span class='ocrx_word' id='word_1_188' title='bbox 595 2376 733 2459; x_wconf 81' lang='lat' dir='ltr'><strong>agendae</strong></span> <span class='ocrx_word' id='word_1_189' title='bbox 755 2377 829 2441; x_wconf 91' lang='lat' dir='ltr'><strong>suut</strong></span> <span class='ocrx_word' id='word_1_190' title='bbox 850 2377 971 2460; x_wconf 80' lang='lat' dir='ltr'><strong>gratiae</strong></span> <span class='ocrx_word' id='word_1_191' title='bbox 992 2375 1047 2440; x_wconf 91' lang='lat' dir='ltr'><strong>Pio</strong></span> <span class='ocrx_word' id='word_1_192' title='bbox 1064 2373 1133 2440; x_wconf 67' lang='lat' dir='ltr'><strong>vll„</strong></span> <span class='ocrx_word' id='word_1_193' title='bbox 1156 2376 1190 2439; x_wconf 93' lang='lat' dir='ltr'><strong>et</strong></span> <span class='ocrx_word' id='word_1_194' title='bbox 1211 2375 1306 2440; x_wconf 90' lang='lat' dir='ltr'><strong>etiam</strong></span> <span class='ocrx_word' id='word_1_195' title='bbox 1323 2372 1386 2436; x_wconf 94' lang='lat' dir='ltr'><strong>lm·</strong></span> 
     </span>
     <span class='ocr_line' id='line_1_22' title="bbox 146 2478 1386 2566; baseline -0.006 -19"><span class='ocrx_word' id='word_1_196' title='bbox 146 2482 280 2566; x_wconf 83' lang='lat' dir='ltr'><strong>paratoni</strong></span> <span class='ocrx_word' id='word_1_197' title='bbox 311 2481 480 2564; x_wconf 89' lang='lat' dir='ltr'><strong>Napoleoni</strong></span> <span class='ocrx_word' id='word_1_198' title='bbox 502 2480 527 2546; x_wconf 95' lang='lat' dir='ltr'><strong>I.</strong></span> <span class='ocrx_word' id='word_1_199' title='bbox 552 2480 589 2545; x_wconf 90' lang='lat' dir='ltr'><strong>ob</strong></span> <span class='ocrx_word' id='word_1_200' title='bbox 612 2499 661 2545; x_wconf 87' lang='lat' dir='ltr'><strong>res</strong></span> <span class='ocrx_word' id='word_1_201' title='bbox 684 2479 846 2565; x_wconf 83' lang='lat' dir='ltr'><strong>religiosas</strong></span> <span class='ocrx_word' id='word_1_202' title='bbox 878 2481 943 2544; x_wconf 89' lang='lat' dir='ltr'><strong>tnm</strong></span> <span class='ocrx_word' id='word_1_203' title='bbox 977 2478 1301 2545; x_wconf 84' lang='lat' dir='ltr'><strong>feliciter·rectitutns</strong></span> <span class='ocrx_word' id='word_1_204' title='bbox 1333 2495 1386 2560; x_wconf 90' lang='lat' dir='ltr'><strong>per</strong></span> 
     </span>
     <span class='ocr_line' id='line_1_23' title="bbox 145 2581 1386 2666; baseline -0.006 -14"><span class='ocrx_word' id='word_1_205' title='bbox 145 2581 372 2652; x_wconf 79' lang='lat' dir='ltr'><strong>Concordatum</strong></span> <span class='ocrx_word' id='word_1_206' title='bbox 396 2584 468 2650; x_wconf 91' lang='lat' dir='ltr'><strong>anui</strong></span> <span class='ocrx_word' id='word_1_207' title='bbox 492 2584 586 2652; x_wconf 81' lang='lat'>1802.</span> <span class='ocrx_word' id='word_1_208' title='bbox 619 2585 717 2650; x_wconf 85' lang='lat' dir='ltr'><strong>Actus</strong></span> <span class='ocrx_word' id='word_1_209' title='bbox 738 2601 812 2649; x_wconf 88' lang='lat' dir='ltr'><strong>saue</strong></span> <span class='ocrx_word' id='word_1_210' title='bbox 837 2583 898 2648; x_wconf 88' lang='lat' dir='ltr'><strong>luit</strong></span> <span class='ocrx_word' id='word_1_211' title='bbox 913 2581 1114 2666; x_wconf 80' lang='lat' dir='ltr'><strong>plenitudinis</strong></span> <span class='ocrx_word' id='word_1_212' title='bbox 1131 2582 1296 2666; x_wconf 86' lang='lat' dir='ltr'><strong>potestatis</strong></span> <span class='ocrx_word' id='word_1_213' title='bbox 1311 2599 1386 2666; x_wconf 87' lang='lat' dir='ltr'><strong>pon·</strong></span> 
     </span>
     <span class='ocr_line' id='line_1_24' title="bbox 143 2685 1385 2772; baseline -0.004 -16"><span class='ocrx_word' id='word_1_214' title='bbox 143 2689 261 2756; x_wconf 89' lang='lat' dir='ltr'><strong>tiliciae</strong></span> <span class='ocrx_word' id='word_1_215' title='bbox 283 2687 411 2754; x_wconf 89' lang='lat' dir='ltr'><strong>abolitio</strong></span> <span class='ocrx_word' id='word_1_216' title='bbox 431 2688 576 2772; x_wconf 89' lang='lat' dir='ltr'><strong>antiquae</strong></span> <span class='ocrx_word' id='word_1_217' title='bbox 602 2687 757 2754; x_wconf 70' lang='lat' dir='ltr'><strong>Ecclesiae</strong></span> <span class='ocrx_word' id='word_1_218' title='bbox 780 2687 971 2766; x_wconf 83' lang='lat' dir='ltr'><strong>Gallicanae,</strong></span> <span class='ocrx_word' id='word_1_219' title='bbox 993 2687 1144 2771; x_wconf 88' lang='lat' dir='ltr'><strong>depositio</strong></span> <span class='ocrx_word' id='word_1_220' title='bbox 1165 2685 1385 2770; x_wconf 86' lang='lat' dir='ltr'><strong>llpiscoporum</strong></span> 
     </span>
    </p>
   </div>
   <div class='ocr_carea' id='block_1_3' title="bbox 6 2790 1386 2878">
    <p class='ocr_par' dir='ltr' id='par_1_4' title="bbox 6 2790 1386 2878">
     <span class='ocr_line' id='line_1_25' title="bbox 6 2790 1386 2878; baseline -0.006 -16"><span class='ocrx_word' id='word_1_221' title='bbox 6 2815 8 2818; x_wconf 87' lang='lat'>·</span> <span class='ocrx_word' id='word_1_222' title='bbox 144 2793 277 2874; x_wconf 79' lang='lat' dir='ltr'><strong>Galliae,</strong></span> <span class='ocrx_word' id='word_1_223' title='bbox 301 2791 428 2878; x_wconf 78' lang='lat' dir='ltr'><strong>Belgica</strong></span> <span class='ocrx_word' id='word_1_224' title='bbox 451 2797 483 2860; x_wconf 93' lang='lat' dir='ltr'><strong>et</strong></span> <span class='ocrx_word' id='word_1_225' title='bbox 506 2793 679 2860; x_wconf 88' lang='lat' dir='ltr'><strong>Sabaudiae</strong></span> <span class='ocrx_word' id='word_1_226' title='bbox 701 2811 737 2858; x_wconf 89' lang='lat' dir='ltr'><strong>ac</strong></span> <span class='ocrx_word' id='word_1_227' title='bbox 756 2811 906 2859; x_wconf 85' lang='lat' dir='ltr'><strong>nonarum</strong></span> <span class='ocrx_word' id='word_1_228' title='bbox 926 2791 1046 2858; x_wconf 90' lang='lat' dir='ltr'><strong>sedium</strong></span> <span class='ocrx_word' id='word_1_229' title='bbox 1069 2791 1235 2858; x_wconf 88' lang='lat' dir='ltr'><strong>institutio.</strong></span> <span class='ocrx_word' id='word_1_230' title='bbox 1271 2790 1386 2856; x_wconf 88' lang='lat' dir='ltr'><strong>Verum</strong></span> 
     </span>
    </p>
   </div>
   <div class='ocr_carea' id='block_1_4' title="bbox 141 2891 1446 4650">
    <p class='ocr_par' dir='ltr' id='par_1_5' title="bbox 141 2891 1446 4650">
     <span class='ocr_line' id='line_1_26' title="bbox 144 2891 1446 2984; baseline -0.007 -19"><span class='ocrx_word' id='word_1_231' title='bbox 144 2900 214 2984; x_wconf 86' lang='lat' dir='ltr'><strong>quis</strong></span> <span class='ocrx_word' id='word_1_232' title='bbox 237 2899 378 2984; x_wconf 80' lang='lat' dir='ltr'><strong>ignorare</strong></span> <span class='ocrx_word' id='word_1_233' title='bbox 398 2899 500 2981; x_wconf 90' lang='lat' dir='ltr'><strong>potest</strong></span> <span class='ocrx_word' id='word_1_234' title='bbox 521 2896 691 2963; x_wconf 86' lang='lat' dir='ltr'><strong>octodecim</strong></span> <span class='ocrx_word' id='word_1_235' title='bbox 714 2897 871 2981; x_wconf 86' lang='lat' dir='ltr'><strong>episcopos</strong></span> <span class='ocrx_word' id='word_1_236' title='bbox 892 2895 1014 2962; x_wconf 82' lang='lat' dir='ltr'><strong>Galliae</strong></span> <span class='ocrx_word' id='word_1_237' title='bbox 1034 2894 1223 2961; x_wconf 86' lang='lat' dir='ltr'><strong>auctoritate</strong></span> <span class='ocrx_word' id='word_1_238' title='bbox 1246 2893 1294 2959; x_wconf 89' lang='lat' dir='ltr'><strong>Pii</strong></span> <span class='ocrx_word' id='word_1_239' title='bbox 1314 2891 1385 2958; x_wconf 86' lang='lat' dir='ltr'><strong>Vll.</strong></span> <span class='ocrx_word' id='word_1_240' title='bbox 1443 2920 1446 2925; x_wconf 89' lang='lat'><em>·</em></span> 
     </span>
     <span class='ocr_line' id='line_1_27' title="bbox 144 2999 1385 3086; baseline -0.006 -18"><span class='ocrx_word' id='word_1_241' title='bbox 144 3001 346 3086; x_wconf 85' lang='lat' dir='ltr'><strong>pertinaciter</strong></span> <span class='ocrx_word' id='word_1_242' title='bbox 367 3002 518 3067; x_wconf 85' lang='lat' dir='ltr'><strong>restitisse</strong></span> <span class='ocrx_word' id='word_1_243' title='bbox 540 3003 572 3068; x_wconf 88' lang='lat' dir='ltr'><strong>et</strong></span> <span class='ocrx_word' id='word_1_244' title='bbox 592 3004 697 3067; x_wconf 89' lang='lat' dir='ltr'><strong>actum</strong></span> <span class='ocrx_word' id='word_1_245' title='bbox 720 3019 857 3066; x_wconf 86' lang='lat' dir='ltr'><strong>recessus</strong></span> <span class='ocrx_word' id='word_1_246' title='bbox 879 3019 897 3064; x_wconf 91' lang='lat' dir='ltr'><strong>a</strong></span> <span class='ocrx_word' id='word_1_247' title='bbox 917 2999 1042 3065; x_wconf 89' lang='lat' dir='ltr'><strong>aedibus</strong></span> <span class='ocrx_word' id='word_1_248' title='bbox 1061 2999 1125 3064; x_wconf 88' lang='lat' dir='ltr'><strong>suls</strong></span> <span class='ocrx_word' id='word_1_249' title='bbox 1145 2999 1323 3064; x_wconf 81' lang='lat' dir='ltr'><strong>constamter</strong></span> <span class='ocrx_word' id='word_1_250' title='bbox 1337 3015 1385 3061; x_wconf 91' lang='lat' dir='ltr'><strong>re-</strong></span> 
     </span>
     <span class='ocr_line' id='line_1_28' title="bbox 142 3105 1386 3190; baseline -0.003 -19"><span class='ocrx_word' id='word_1_251' title='bbox 142 3109 293 3172; x_wconf 74' lang='lat' dir='ltr'><strong>cusasset</strong></span> <span class='ocrx_word' id='word_1_252' title='bbox 326 3105 453 3189; x_wconf 77' lang='lat' dir='ltr'><strong>Quare?</strong></span> <span class='ocrx_word' id='word_1_253' title='bbox 475 3107 547 3190; x_wconf 89' lang='lat' dir='ltr'><strong>quia</strong></span> <span class='ocrx_word' id='word_1_254' title='bbox 571 3107 649 3172; x_wconf 87' lang='lat' dir='ltr'><strong>lalsa</strong></span> <span class='ocrx_word' id='word_1_255' title='bbox 671 3105 784 3172; x_wconf 87' lang='lat' dir='ltr'><strong>imbuti</strong></span> <span class='ocrx_word' id='word_1_256' title='bbox 807 3105 959 3189; x_wconf 81' lang='lat' dir='ltr'><strong>opinione,</strong></span> <span class='ocrx_word' id='word_1_257' title='bbox 982 3105 1098 3189; x_wconf 89' lang='lat' dir='ltr'><strong>Papam</strong></span> <span class='ocrx_word' id='word_1_258' title='bbox 1123 3122 1184 3169; x_wconf 92' lang='lat' dir='ltr'><strong>non</strong></span> <span class='ocrx_word' id='word_1_259' title='bbox 1207 3121 1274 3168; x_wconf 90' lang='lat' dir='ltr'><strong>esse</strong></span> <span class='ocrx_word' id='word_1_260' title='bbox 1292 3121 1386 3185; x_wconf 92' lang='lat' dir='ltr'><strong>supra</strong></span> 
     </span>
     <span class='ocr_line' id='line_1_29' title="bbox 143 3207 1384 3294; baseline -0.002 -19"><span class='ocrx_word' id='word_1_261' title='bbox 143 3228 277 3277; x_wconf 88' lang='lat' dir='ltr'><strong>canones</strong></span> <span class='ocrx_word' id='word_1_262' title='bbox 291 3210 526 3287; x_wconf 84' lang='lat' dir='ltr'><strong>contendebant,</strong></span> <span class='ocrx_word' id='word_1_263' title='bbox 550 3211 669 3294; x_wconf 89' lang='lat' dir='ltr'><strong>ipsique</strong></span> <span class='ocrx_word' id='word_1_264' title='bbox 683 3211 934 3294; x_wconf 86' lang='lat' dir='ltr'><strong>superioritatem</strong></span> <span class='ocrx_word' id='word_1_265' title='bbox 950 3227 1053 3275; x_wconf 85' lang='lat' dir='ltr'><strong>veram</strong></span> <span class='ocrx_word' id='word_1_266' title='bbox 1068 3227 1106 3274; x_wconf 87' lang='lat' dir='ltr'><strong>ac</strong></span> <span class='ocrx_word' id='word_1_267' title='bbox 1121 3209 1241 3293; x_wconf 89' lang='lat' dir='ltr'><strong>proprie</strong></span> <span class='ocrx_word' id='word_1_268' title='bbox 1258 3207 1384 3286; x_wconf 83' lang='lat' dir='ltr'><strong>dictam,</strong></span> 
     </span>
     <span class='ocr_line' id='line_1_30' title="bbox 144 3312 1386 3399; baseline -0.004 -18"><span class='ocrx_word' id='word_1_269' title='bbox 144 3317 365 3399; x_wconf 85' lang='lat' dir='ltr'><strong>consequenter</strong></span> <span class='ocrx_word' id='word_1_270' title='bbox 403 3313 660 3380; x_wconf 77' lang='lat' dir='ltr'><strong>infallibilitatem</strong></span> <span class='ocrx_word' id='word_1_271' title='bbox 695 3313 784 3398; x_wconf 89' lang='lat' dir='ltr'><strong>jurta</strong></span> <span class='ocrx_word' id='word_1_272' title='bbox 817 3331 889 3379; x_wconf 85' lang='lat' dir='ltr'><strong>suaa</strong></span> <span class='ocrx_word' id='word_1_273' title='bbox 926 3312 1104 3379; x_wconf 82' lang='lat' dir='ltr'><strong>Gallicanas</strong></span> <span class='ocrx_word' id='word_1_274' title='bbox 1141 3312 1228 3378; x_wconf 87' lang='lat' dir='ltr'><strong>ideas</strong></span> <span class='ocrx_word' id='word_1_275' title='bbox 1263 3331 1386 3396; x_wconf 87' lang='lat' dir='ltr'><strong>prorsus</strong></span> 
     </span>
     <span class='ocr_line' id='line_1_31' title="bbox 143 3415 1385 3500; baseline -0.004 -14"><span class='ocrx_word' id='word_1_276' title='bbox 143 3419 373 3486; x_wconf 87' lang='lat' dir='ltr'><strong>abiudicabant.</strong></span> <span class='ocrx_word' id='word_1_277' title='bbox 431 3417 513 3482; x_wconf 89' lang='lat' dir='ltr'><strong>Hinc</strong></span> <span class='ocrx_word' id='word_1_278' title='bbox 534 3416 640 3483; x_wconf 87' lang='lat' dir='ltr'><strong>infelix</strong></span> <span class='ocrx_word' id='word_1_279' title='bbox 661 3415 718 3483; x_wconf 88' lang='lat' dir='ltr'><strong>illa</strong></span> <span class='ocrx_word' id='word_1_280' title='bbox 741 3420 815 3484; x_wconf 90' lang='lat' dir='ltr'><strong>nata</strong></span> <span class='ocrx_word' id='word_1_281' title='bbox 834 3419 900 3494; x_wconf 84' lang='lat' dir='ltr'><strong>eet,</strong></span> <span class='ocrx_word' id='word_1_282' title='bbox 930 3417 978 3483; x_wconf 92' lang='lat' dir='ltr'><strong>uti</strong></span> <span class='ocrx_word' id='word_1_283' title='bbox 1011 3416 1157 3495; x_wconf 89' lang='lat' dir='ltr'><strong>dicimus,</strong></span> <span class='ocrx_word' id='word_1_284' title='bbox 1186 3438 1291 3500; x_wconf 82' lang='lat' dir='ltr'><strong>paroc</strong></span> <span class='ocrx_word' id='word_1_285' title='bbox 1322 3415 1385 3482; x_wconf 83' lang='lat' dir='ltr'><strong>Ec·</strong></span> 
     </span>
     <span class='ocr_line' id='line_1_32' title="bbox 144 3519 1384 3606; baseline -0.002 -17"><span class='ocrx_word' id='word_1_286' title='bbox 144 3523 257 3599; x_wconf 72' lang='lat' dir='ltr'><strong>dacin,</strong></span> <span class='ocrx_word' id='word_1_287' title='bbox 278 3540 356 3606; x_wconf 87' lang='lat' dir='ltr'><strong>quae</strong></span> <span class='ocrx_word' id='word_1_288' title='bbox 378 3521 481 3588; x_wconf 89' lang='lat' dir='ltr'><strong>adhuc</strong></span> <span class='ocrx_word' id='word_1_289' title='bbox 505 3520 672 3588; x_wconf 89' lang='lat' dir='ltr'><strong>hodiedum</strong></span> <span class='ocrx_word' id='word_1_290' title='bbox 694 3521 871 3605; x_wconf 84' lang='lat' dir='ltr'><strong>progeniem</strong></span> <span class='ocrx_word' id='word_1_291' title='bbox 894 3539 982 3586; x_wconf 88' lang='lat' dir='ltr'><strong>suam</strong></span> <span class='ocrx_word' id='word_1_292' title='bbox 1006 3521 1165 3606; x_wconf 86' lang='lat' dir='ltr'><strong>protraxit.</strong></span> <span class='ocrx_word' id='word_1_293' title='bbox 1192 3557 1227 3568; x_wconf 94' lang='lat'><em>-</em></span> <span class='ocrx_word' id='word_1_294' title='bbox 1255 3519 1384 3598; x_wconf 87' lang='lat' dir='ltr'><strong>Videtis,</strong></span> 
     </span>
     <span class='ocr_line' id='line_1_33' title="bbox 144 3624 1386 3710; baseline 0 -20"><span class='ocrx_word' id='word_1_295' title='bbox 144 3625 392 3692; x_wconf 76' lang='lat' dir='ltr'><strong>Eminentissimi</strong></span> <span class='ocrx_word' id='word_1_296' title='bbox 415 3628 447 3691; x_wconf 90' lang='lat' dir='ltr'><strong>et</strong></span> <span class='ocrx_word' id='word_1_297' title='bbox 471 3625 545 3690; x_wconf 86' lang='lat' dir='ltr'><strong>Ber.</strong></span> <span class='ocrx_word' id='word_1_298' title='bbox 567 3625 687 3703; x_wconf 88' lang='lat' dir='ltr'><strong>Patres,</strong></span> <span class='ocrx_word' id='word_1_299' title='bbox 710 3625 819 3710; x_wconf 89' lang='lat' dir='ltr'><strong>quanti</strong></span> <span class='ocrx_word' id='word_1_300' title='bbox 839 3625 988 3690; x_wconf 87' lang='lat' dir='ltr'><strong>momenti</strong></span> <span class='ocrx_word' id='word_1_301' title='bbox 1009 3626 1052 3690; x_wconf 88' lang='lat' dir='ltr'><strong>sit</strong></span> <span class='ocrx_word' id='word_1_302' title='bbox 1074 3626 1105 3690; x_wconf 88' lang='lat' dir='ltr'><strong>et</strong></span> <span class='ocrx_word' id='word_1_303' title='bbox 1127 3625 1245 3709; x_wconf 87' lang='lat' dir='ltr'><strong>quanta</strong></span> <span class='ocrx_word' id='word_1_304' title='bbox 1263 3624 1386 3691; x_wconf 88' lang='lat' dir='ltr'><strong>utilitas</strong></span> 
     </span>
     <span class='ocr_line' id='line_1_34' title="bbox 142 3728 1385 3813; baseline -0.002 -19"><span class='ocrx_word' id='word_1_305' title='bbox 142 3730 206 3795; x_wconf 91' lang='lat' dir='ltr'><strong>imo</strong></span> <span class='ocrx_word' id='word_1_306' title='bbox 229 3730 394 3797; x_wconf 79' lang='lat' dir='ltr'><strong>necmsitas</strong></span> <span class='ocrx_word' id='word_1_307' title='bbox 416 3729 536 3813; x_wconf 87' lang='lat' dir='ltr'><strong>premat</strong></span> <span class='ocrx_word' id='word_1_308' title='bbox 557 3747 612 3812; x_wconf 91' lang='lat' dir='ltr'><strong>pro</strong></span> <span class='ocrx_word' id='word_1_309' title='bbox 634 3729 712 3794; x_wconf 90' lang='lat' dir='ltr'><strong>bono</strong></span> <span class='ocrx_word' id='word_1_310' title='bbox 734 3729 885 3813; x_wconf 84' lang='lat' dir='ltr'><strong>regimine</strong></span> <span class='ocrx_word' id='word_1_311' title='bbox 907 3729 1066 3795; x_wconf 77' lang='lat' dir='ltr'><strong>Ecclesiae</strong></span> <span class='ocrx_word' id='word_1_312' title='bbox 1088 3729 1204 3794; x_wconf 87' lang='lat' dir='ltr'><strong>talibus</strong></span> <span class='ocrx_word' id='word_1_313' title='bbox 1230 3728 1385 3813; x_wconf 89' lang='lat' dir='ltr'><strong>praeindi-</strong></span> 
     </span>
     <span class='ocr_line' id='line_1_35' title="bbox 144 3832 1384 3919; baseline 0.001 -21"><span class='ocrx_word' id='word_1_314' title='bbox 144 3833 201 3898; x_wconf 90' lang='lat' dir='ltr'><strong>ciis</strong></span> <span class='ocrx_word' id='word_1_315' title='bbox 222 3833 253 3899; x_wconf 92' lang='lat' dir='ltr'><strong>iu</strong></span> <span class='ocrx_word' id='word_1_316' title='bbox 277 3835 432 3918; x_wconf 89' lang='lat' dir='ltr'><strong>posterum</strong></span> <span class='ocrx_word' id='word_1_317' title='bbox 456 3833 539 3899; x_wconf 75' lang='lat' dir='ltr'><strong>nam</strong></span> <span class='ocrx_word' id='word_1_318' title='bbox 561 3832 762 3898; x_wconf 88' lang='lat' dir='ltr'><strong>concludendi</strong></span> <span class='ocrx_word' id='word_1_319' title='bbox 792 3853 846 3916; x_wconf 88' lang='lat' dir='ltr'><strong>per</strong></span> <span class='ocrx_word' id='word_1_320' title='bbox 875 3833 1039 3918; x_wconf 79' lang='lat' dir='ltr'><strong>positivam</strong></span> <span class='ocrx_word' id='word_1_321' title='bbox 1066 3834 1184 3919; x_wconf 91' lang='lat' dir='ltr'><strong>jurium</strong></span> <span class='ocrx_word' id='word_1_322' title='bbox 1207 3835 1239 3898; x_wconf 91' lang='lat' dir='ltr'><strong>et</strong></span> <span class='ocrx_word' id='word_1_323' title='bbox 1261 3851 1384 3917; x_wconf 92' lang='lat' dir='ltr'><strong>praero-</strong></span> 
     </span>
     <span class='ocr_line' id='line_1_36' title="bbox 142 3936 1385 4023; baseline -0.001 -20"><span class='ocrx_word' id='word_1_324' title='bbox 142 3938 320 4023; x_wconf 84' lang='lat' dir='ltr'><strong>gativarum</strong></span> <span class='ocrx_word' id='word_1_325' title='bbox 354 3937 485 4004; x_wconf 83' lang='lat' dir='ltr'><strong>Romani</strong></span> <span class='ocrx_word' id='word_1_326' title='bbox 516 3936 670 4021; x_wconf 86' lang='lat' dir='ltr'><strong>pontificis</strong></span> <span class='ocrx_word' id='word_1_327' title='bbox 703 3937 923 4005; x_wconf 88' lang='lat' dir='ltr'><strong>definitionem.</strong></span> <span class='ocrx_word' id='word_1_328' title='bbox 969 3937 1108 4022; x_wconf 87' lang='lat' dir='ltr'><strong>Denique</strong></span> <span class='ocrx_word' id='word_1_329' title='bbox 1139 3937 1166 4002; x_wconf 86' lang='lat' dir='ltr'><strong>oi</strong></span> <span class='ocrx_word' id='word_1_330' title='bbox 1200 3956 1236 4004; x_wconf 82' lang='lat' dir='ltr'><strong>ox</strong></span> <span class='ocrx_word' id='word_1_331' title='bbox 1269 3937 1385 4003; x_wconf 88' lang='lat' dir='ltr'><strong>actuali</strong></span> 
     </span>
     <span class='ocr_line' id='line_1_37' title="bbox 143 4041 1384 4126; baseline 0.002 -21"><span class='ocrx_word' id='word_1_332' title='bbox 143 4060 245 4108; x_wconf 92' lang='lat' dir='ltr'><strong>rernm</strong></span> <span class='ocrx_word' id='word_1_333' title='bbox 265 4043 352 4109; x_wconf 88' lang='lat' dir='ltr'><strong>statu</strong></span> <span class='ocrx_word' id='word_1_334' title='bbox 373 4041 545 4126; x_wconf 86' lang='lat' dir='ltr'><strong>exemplum</strong></span> <span class='ocrx_word' id='word_1_335' title='bbox 568 4042 727 4107; x_wconf 88' lang='lat' dir='ltr'><strong>desumere</strong></span> <span class='ocrx_word' id='word_1_336' title='bbox 752 4041 879 4121; x_wconf 83' lang='lat' dir='ltr'><strong>vellem,</strong></span> <span class='ocrx_word' id='word_1_337' title='bbox 915 4042 1024 4126; x_wconf 90' lang='lat' dir='ltr'><strong>sponte</strong></span> <span class='ocrx_word' id='word_1_338' title='bbox 1053 4041 1132 4107; x_wconf 87' lang='lat' dir='ltr'><strong>mibi</strong></span> <span class='ocrx_word' id='word_1_339' title='bbox 1164 4044 1384 4126; x_wconf 79' lang='lat' dir='ltr'><strong>argumentum</strong></span> 
     </span>
     <span class='ocr_line' id='line_1_38' title="bbox 142 4145 1385 4231; baseline 0 -19"><span class='ocrx_word' id='word_1_340' title='bbox 142 4146 355 4230; x_wconf 86' lang='lat' dir='ltr'><strong>suppeditaret</strong></span> <span class='ocrx_word' id='word_1_341' title='bbox 376 4146 510 4230; x_wconf 90' lang='lat' dir='ltr'><strong>plurium</strong></span> <span class='ocrx_word' id='word_1_342' title='bbox 534 4164 714 4212; x_wconf 88' lang='lat' dir='ltr'><strong>coaeromm</strong></span> <span class='ocrx_word' id='word_1_343' title='bbox 735 4148 908 4213; x_wconf 76' lang='lat' dir='ltr'><strong>annuorum</strong></span> <span class='ocrx_word' id='word_1_344' title='bbox 929 4146 1040 4231; x_wconf 85' lang='lat' dir='ltr'><strong>agendi</strong></span> <span class='ocrx_word' id='word_1_345' title='bbox 1061 4147 1151 4214; x_wconf 89' lang='lat' dir='ltr'><strong>ratio.</strong></span> <span class='ocrx_word' id='word_1_346' title='bbox 1181 4145 1300 4231; x_wconf 78' lang='lat' dir='ltr'><strong>Magna</strong></span> <span class='ocrx_word' id='word_1_347' title='bbox 1314 4165 1385 4230; x_wconf 91' lang='lat' dir='ltr'><strong>pro-</strong></span> 
     </span>
     <span class='ocr_line' id='line_1_39' title="bbox 142 4247 1384 4334; baseline 0 -19"><span class='ocrx_word' id='word_1_348' title='bbox 142 4247 224 4317; x_wconf 84' lang='lat' dir='ltr'><strong>lecto</strong></span> <span class='ocrx_word' id='word_1_349' title='bbox 247 4251 312 4329; x_wconf 87' lang='lat' dir='ltr'><strong>est,</strong></span> <span class='ocrx_word' id='word_1_350' title='bbox 345 4268 400 4316; x_wconf 92' lang='lat' dir='ltr'><strong>nec</strong></span> <span class='ocrx_word' id='word_1_351' title='bbox 428 4250 459 4315; x_wconf 92' lang='lat' dir='ltr'><strong>id</strong></span> <span class='ocrx_word' id='word_1_352' title='bbox 490 4268 603 4334; x_wconf 85' lang='lat' dir='ltr'><strong>negare</strong></span> <span class='ocrx_word' id='word_1_353' title='bbox 632 4249 744 4326; x_wconf 82' lang='lat' dir='ltr'><strong>velim,</strong></span> <span class='ocrx_word' id='word_1_354' title='bbox 777 4249 941 4316; x_wconf 88' lang='lat' dir='ltr'><strong>hodiedum</strong></span> <span class='ocrx_word' id='word_1_355' title='bbox 968 4249 1189 4331; x_wconf 87' lang='lat' dir='ltr'><strong>catholicorum</strong></span> <span class='ocrx_word' id='word_1_356' title='bbox 1211 4251 1384 4317; x_wconf 84' lang='lat' dir='ltr'><strong>reverentia</strong></span> 
     </span>
     <span class='ocr_line' id='line_1_40' title="bbox 142 4351 1385 4439; baseline -0.001 -19"><span class='ocrx_word' id='word_1_357' title='bbox 142 4373 217 4439; x_wconf 79' lang='lat' dir='ltr'><strong>erga</strong></span> <span class='ocrx_word' id='word_1_358' title='bbox 239 4357 379 4420; x_wconf 88' lang='lat' dir='ltr'><strong>sanctam</strong></span> <span class='ocrx_word' id='word_1_359' title='bbox 402 4356 434 4419; x_wconf 90' lang='lat' dir='ltr'><strong>et</strong></span> <span class='ocrx_word' id='word_1_360' title='bbox 454 4354 654 4437; x_wconf 83' lang='lat' dir='ltr'><strong>apostolicam</strong></span> <span class='ocrx_word' id='word_1_361' title='bbox 682 4351 802 4421; x_wconf 85' lang='lat' dir='ltr'><strong>Sedem.</strong></span> <span class='ocrx_word' id='word_1_362' title='bbox 849 4355 997 4421; x_wconf 82' lang='lat' dir='ltr'><strong>Attamen</strong></span> <span class='ocrx_word' id='word_1_363' title='bbox 1027 4373 1076 4421; x_wconf 88' lang='lat' dir='ltr'><strong>res</strong></span> <span class='ocrx_word' id='word_1_364' title='bbox 1109 4354 1200 4439; x_wconf 89' lang='lat' dir='ltr'><strong>paulo</strong></span> <span class='ocrx_word' id='word_1_365' title='bbox 1232 4355 1385 4421; x_wconf 87' lang='lat' dir='ltr'><strong>attentius</strong></span> 
     </span>
     <span class='ocr_line' id='line_1_41' title="bbox 141 4457 1382 4543; baseline 0 -20"><span class='ocrx_word' id='word_1_366' title='bbox 141 4457 374 4543; x_wconf 89' lang='lat' dir='ltr'><strong>perpendendae</strong></span> <span class='ocrx_word' id='word_1_367' title='bbox 395 4460 477 4539; x_wconf 83' lang='lat' dir='ltr'><strong>sunt,</strong></span> <span class='ocrx_word' id='word_1_368' title='bbox 500 4475 538 4523; x_wconf 91' lang='lat' dir='ltr'><strong>ue</strong></span> <span class='ocrx_word' id='word_1_369' title='bbox 560 4457 642 4523; x_wconf 88' lang='lat' dir='ltr'><strong>circa</strong></span> <span class='ocrx_word' id='word_1_370' title='bbox 663 4457 854 4541; x_wconf 88' lang='lat' dir='ltr'><strong>quorundam</strong></span> <span class='ocrx_word' id='word_1_371' title='bbox 874 4475 981 4524; x_wconf 90' lang='lat' dir='ltr'><strong>sensns</strong></span> <span class='ocrx_word' id='word_1_372' title='bbox 1001 4459 1034 4524; x_wconf 91' lang='lat' dir='ltr'><strong>et</strong></span> <span class='ocrx_word' id='word_1_373' title='bbox 1056 4458 1184 4524; x_wconf 87' lang='lat' dir='ltr'><strong>allectus</strong></span> <span class='ocrx_word' id='word_1_374' title='bbox 1201 4458 1234 4524; x_wconf 95' lang='lat' dir='ltr'><strong>in</strong></span> <span class='ocrx_word' id='word_1_375' title='bbox 1249 4476 1382 4525; x_wconf 91' lang='lat' dir='ltr'><strong>errorem</strong></span> 
     </span>
     <span class='ocr_line' id='line_1_42' title="bbox 141 4561 1383 4650; baseline -0.003 -20"><span class='ocrx_word' id='word_1_376' title='bbox 141 4561 340 4631; x_wconf 85' lang='lat' dir='ltr'><strong>adducamur.</strong></span> <span class='ocrx_word' id='word_1_377' title='bbox 377 4561 480 4644; x_wconf 85' lang='lat' dir='ltr'><strong>Quare</strong></span> <span class='ocrx_word' id='word_1_378' title='bbox 503 4581 530 4629; x_wconf 82' lang='lat' dir='ltr'><strong>v.</strong></span> <span class='ocrx_word' id='word_1_379' title='bbox 554 4579 585 4648; x_wconf 80' lang='lat' dir='ltr'><strong>g.</strong></span> <span class='ocrx_word' id='word_1_380' title='bbox 607 4578 724 4628; x_wconf 89' lang='lat' dir='ltr'><strong>errores</strong></span> <span class='ocrx_word' id='word_1_381' title='bbox 748 4561 924 4646; x_wconf 89' lang='lat' dir='ltr'><strong>nuperrime</strong></span> <span class='ocrx_word' id='word_1_382' title='bbox 946 4562 1104 4649; x_wconf 81' lang='lat' dir='ltr'><strong>profligati</strong></span> <span class='ocrx_word' id='word_1_383' title='bbox 1126 4581 1179 4649; x_wconf 87' lang='lat' dir='ltr'><strong>par</strong></span> <span class='ocrx_word' id='word_1_384' title='bbox 1202 4561 1383 4650; x_wconf 79' lang='lat' dir='ltr'><strong>llncpclicas</strong></span> 
     </span>
    </p>
   </div>
   <div class='ocr_carea' id='block_1_5' title="bbox 0 0 1584 4917">
    <p class='ocr_par' dir='ltr' id='par_1_6' title="bbox 0 0 1584 4917">
     <span class='ocr_line' id='line_1_43' title="bbox 0 0 1584 4917; baseline 0 0"><span class='ocrx_word' id='word_1_385' title='bbox 0 0 1584 4917; x_wconf 95' lang='lat' dir='ltr'><strong> </strong></span> 
     </span>
    </p>
   </div>
  </div>
 </body>
</html>
