3159 4917
169 145 239 232 lde
430 162 520 217 Decr.
538 177 561 216 s.
581 158 691 231 conpr.
712 160 828 233 laquata.
848 159 877 214 d.
897 157 945 213 20.
965 159 1053 213 Febr.
1070 155 1154 212 1888.

174 334 259 401 sibus
280 332 468 400 redimendis
489 334 564 418 apta
582 329 734 412 aream,
757 351 896 418 quaeque
909 330 1053 400 adelinus
1068 328 1207 413 exemplo
1221 327 1263 392 sit
1278 324 1318 392 ad
1334 325 1420 392 reeta

175 442 208 505 et
230 437 399 505 cunctisne
420 438 596 505 visendam.

280 542 325 610 De
347 542 445 610 altero
467 560 538 609 sero
560 543 776 628 quaestionum
806 563 940 630 genere,
975 543 1052 608 item
1084 538 1254 623 adprobato
1284 537 1316 602 at
1344 553 1419 601 aon-

162 646 298 713 ·lirmato
326 647 492 712 eorundem
520 647 842 714 Eminentiesimorum
869 647 996 714 Petrum
1024 643 1173 728 suffragio
1195 639 1419 708 Sanctissimae

175 751 298 818 morit:
323 751 351 817 l.
375 750 620 836 dispensationes
642 751 886 819 matrimoniales
910 769 1015 818 omnes
1037 751 1068 816 in
1092 751 1247 834 posteram
1270 745 1415 812 commit·
1529 776 1537 791 ·

175 856 286 922 tendas
307 874 374 922 esse
394 857 443 921 uel
466 854 636 923 Oratorem
659 856 833 954 Ordinem
856 856 904 923 rel
928 855 1102 924 Ordinerio
1125 853 1240 938 loci¹):

278 962 308 1027 2.
341 958 558 1046 Appellatione
581 960 767 1041 Ordinerir',
800 962 902 1028 venire
925 960 1106 1044 llpiscopos,
1139 958 1418 1024 administratores

175 1083 229 1131 sen
255 1064 394 1132 Vinarios
417 1064 626 1150 apostolicos,
659 1065 821 1132 Praelatos
854 1085 909 1132 san
941 1063 1117 1131 Praefectos
1148 1063 1297 1128 hebentes
1323 1061 1417 1146 juris·
1541 1102 1547 1161 ἓ

124 1176 129 1182 “
175 1168 342 1236 dictionem
365 1187 435 1236 oum
456 1167 613 1235 territorio
635 1171 784 1254 separato,
811 1189 975 1254 eorumque
997 1165 1146 1233 officiales
1160 1185 1214 1232 seu
1230 1167 1369 1232 Vicarios
1384 1166 1416 1230 in
1543 1168 1552 1243 ¹,

176 1271 396 1358 Spiritnalibus
426 1272 606 1356 generales,
638 1275 669 1338 et
697 1273 767 1339 seda
798 1274 928 1340 vacante
952 1272 1110 1350 vicarium
1133 1269 1344 1355 Oapitnlarem
1369 1271 1418 1335 vel
1546 1264 1552 1273 '

176 1377 352 1463 legitimum
375 1375 683 1445 administratorem:

280 1483 309 1548 8.
350 1480 510 1561 vicarium
544 1480 755 1566 Capitnlarem
793 1500 846 1548 sou
883 1481 1175 1548 administratorem
1213 1498 1264 1544 eas
1297 1497 1417 1563 quoque

176 1586 419 1672 dispensationes
437 1586 632 1670 apostelicae
652 1587 758 1670 exequi
774 1605 870 1670 posse,
887 1605 965 1670 qaae
981 1584 1126 1652 remissae
1143 1585 1257 1650 fuerint
1269 1583 1418 1667 Episcopo

176 1692 232 1757 aut
254 1690 378 1757 vicario
400 1690 465 1756 eius
485 1690 624 1775 generali
646 1691 692 1757 vel
715 1690 850 1757 Ollioiali
877 1690 1012 1756 nondum
1043 1689 1215 1758 executioni
1245 1687 1417 1763 mandatae,

149 1880 152 1887 ι
176 1795 240 1862 siae
260 1795 293 1861 hi
314 1793 386 1860 illas
408 1795 516 1879 exequi
534 1795 700 1880 coeperint,
721 1796 785 1862 sire
808 1814 877 1862 non.
909 1794 951 1862 iit
974 1795 1108 1861 uicissim
1129 1793 1200 1860 esde
1223 1792 1333 1858 deinde
1348 1809 1418 1874 pro-

176 1900 257 1977 visa,
288 1917 377 1984 posse
400 1897 585 1983 Episcopum
604 1899 652 1964 vel
675 1900 740 1965 eius
764 1899 921 1965 Vicarium
944 1900 978 1966 in
999 1897 1221 1983 Spiritualibus
1243 1896 1417 1982 generalem

178 2023 231 2070 sen
243 2001 417 2071 Officialem
429 2003 537 2088 exequi
553 2002 797 2088 dispensationes
813 2022 892 2088 quaa
905 2003 1027 2070 vicario
1043 2002 1214 2088 capitulari
1225 1999 1418 2086 exequendae

178 2109 323 2175 remissae
345 2108 479 2186 luerent,
501 2126 556 2174 seu
579 2107 631 2172 hio
652 2107 722 2174 illas
743 2108 849 2192 exequi
872 2110 1006 2192 eoeperit
1028 2125 1082 2173 seu
1102 2109 1214 2173 minae.

280 2213 310 2281 4.
345 2212 854 2297 Dispensationesmatrimoniales
874 2212 1035 2280 Ordinatio
1051 2214 1209 2278 oramrnm
1228 2209 1416 2288 commissas,

178 2317 370 2402 exequendas
392 2335 458 2382 esse
481 2317 519 2383 ab
546 2317 600 2383 illo
622 2315 802 2397 Ordinerio,
837 2318 890 2401 qui
922 2317 1044 2384 litteras
1074 2307 1298 2384 testimoniales
1321 2313 1417 2392 dedit,

179 2423 226 2489 sel
249 2441 353 2508 preces
374 2423 549 2489 transmisit
572 2421 611 2490 ad
633 2422 665 2489 8.
684 2421 795 2490 Sedem
815 2423 1039 2508 Apostolicem,
1072 2423 1135 2490 sire
1164 2423 1207 2487 sit
1236 2418 1417 2486 Ordineriue

177 2526 306 2612 originis
327 2528 391 2608 sisa
413 2527 571 2607 domicilii,
594 2527 659 2594 siaa
678 2527 838 2612 utriusque
861 2528 974 2612 sponsi,
1004 2528 1067 2593 sive
1091 2527 1272 2592 alterutrius
1295 2541 1416 2600 eoram;

178 2631 301 2699 etiamsi
323 2631 426 2716 sponsi
448 2647 508 2716 quo
528 2633 665 2716 tempore
687 2631 857 2698 executioni
880 2631 982 2697 danda
1004 2631 1063 2697 erit
1086 2630 1285 2714 dispensatio,
1307 2627 1417 2693 relicto

180 2734 264 2800 illius
286 2733 433 2801 dioecesis
454 2735 620 2815 domicilio,
642 2736 674 2801 in
697 2734 791 2801 aliam
815 2735 977 2802 dioecesim
997 2735 1195 2804 discesserint
1210 2754 1269 2799 non
1284 2731 1417 2816 amplius

178 2839 338 2919 reversuri,
360 2839 479 2911 monito
500 2841 615 2919 tamen,
639 2840 666 2906 si
686 2840 719 2905 id
737 2839 880 2926 expedire
901 2840 1094 2920 iudicaverit,
1116 2837 1279 2905 Ordinatio
1296 2837 1365 2915 loci,
1386 2835 1418 2898 in

179 2961 239 3026 qao
262 2942 495 3010 matrimonium
517 2943 720 3012 contrahitur.

282 3050 312 3114 5.
345 3046 507 3115 Ordinatio
531 3048 688 3133 praedicto
710 3050 758 3114 ias
780 3067 856 3130 esse,
879 3051 904 3114 si
928 3049 973 3114 ita
996 3067 1115 3134 quoque
1138 3047 1277 3133 expedire
1301 3044 1418 3112 iudiea-

179 3150 268 3229 sarit,
289 3150 329 3216 ad
352 3151 589 3238 dispensationis
610 3154 817 3220 executionem
839 3151 982 3237 delegare
1004 3154 1098 3219 aliurn
1114 3152 1326 3227 Ordineriaru,
1348 3167 1417 3216 euru

180 3256 371 3339 praesertim,
393 3257 426 3323 in
449 3259 537 3324 cuius
559 3258 690 3325 dioecesi
711 3260 815 3343 sponsi
836 3261 908 3325 actu
931 3257 1058 3344 degunt.

283 3361 371 3427 Haec
399 3379 478 3444 quae
511 3362 551 3426 ad
586 3361 741 3445 pastorale
769 3363 977 3428 ministerium
1006 3363 1116 3428 utilius
1146 3361 1329 3444 faciliusque
1351 3359 1419 3424 red·
1542 3376 1547 3395 ¹

181 3465 313 3531 dandum
336 3465 557 3532 Sanctissimae
579 3467 730 3535 Dominus
749 3468 864 3534 Noster
885 3467 1078 3535 concedenda
1099 3469 1131 3534 et
1153 3465 1319 3533 statuenda
1340 3462 1420 3528 iudi·
1542 3502 1546 3511 -

181 3568 274 3647 cauit,
296 3567 370 3635 dnm
391 3569 492 3636 libens
513 3573 617 3638 tecam
640 3572 842 3653 communico,
871 3573 949 3639 bona
971 3575 1083 3640 cuneta
1104 3569 1314 3656 Amplitudiui
1336 3567 1421 3632 'luae

181 3691 288 3757 precor
310 3692 329 3739 a
350 3673 492 3742 Domino.

284 3777 402 3845 Datum
426 3779 541 3848 Rornae
565 3781 614 3847 die
639 3780 681 3846 20
703 3781 863 3846 Februarii
890 3779 983 3849 1888.

917 3884 1023 3968 Rapis.
1050 3883 1146 3951 θανά.
1170 3883 1316 3950 Menace.

286 4042 313 4110 1)
336 4041 574 4112 Schwiarngeitan
601 4042 763 4099 ontstanden
788 4043 893 4104 bislaeu,
918 4057 994 4096 wenu
1019 4040 1066 4097 der
1093 4057 1141 4095 rur
1168 4037 1346 4108 Vollriehnng
1373 4035 1421 4090 der

182 4111 297 4182 Dispeus
318 4111 496 4182 linostimo
515 4129 562 4168 ror
578 4112 756 4182 Amithmng
773 4113 821 4168 der
833 4109 1141 4182 Dispensationem.
1160 4109 1226 4164 oder
1235 4109 1284 4163 dis*
1292 4107 1420 4174 Dispens-

49 4186 56 4199 ⁸
180 4179 316 4238 bewerber
332 4181 491 4238 insuisoheu
508 4182 537 4236 in
559 4181 618 4236 eine
635 4181 733 4238 andere
751 4183 862 4238 Diduese
878 4180 1077 4236 dbarsiedalteu
1095 4197 1120 4236 a
1140 4179 1196 4250 dgl.
1232 4176 1352 4233 Dashalb
1369 4174 1420 4230 soll

181 4250 271 4308 rona·
311 4251 386 4307 nicht
404 4251 463 4306 eine
481 4249 639 4306 individuali
656 4252 708 4307 nuit
724 4251 829 4307 Numen
846 4251 1017 4306 beauchesne
1033 4249 1143 4312 Person,
1159 4267 1182 4303 r.
1197 4248 1228 4302 B.
1245 4247 1294 4302 der
1311 4243 1422 4300 Bieclroi

181 4321 246 4377 oder
272 4390 278 4405 .
318 4320 371 4375 ciel
388 4319 422 4375 N.
439 4319 489 4404 ld,
506 4320 621 4404 eundern
639 4321 688 4376 der
702 4325 862 4404 jeweilipe
880 4319 1037 4376 Ordineriue
1056 4318 1103 4374 der
1119 4317 1274 4373 Bittsteller
1292 4315 1357 4370 oder
1372 4314 1421 4368 der

179 4391 316 4460 jeseihge
341 4387 499 4445 Ordrnmm
523 4391 576 4445 locr
601 4391 683 4460 (ohne
709 4390 886 4447 individualis
913 4387 1217 4457 Nemensbeseichnung
1243 4384 1289 4440 des
1314 4383 1419 4439 Beroll·

182 4459 362 4528 michtigten)
383 4460 425 4514 ele
444 4459 576 4516 Execatm
593 4459 705 4516 bestellt
722 4459 837 4516 werden.

645 4567 955 4582 m
