3159 4917
142 231 189 288 De
206 233 339 303 liturpe'o
357 230 494 301 ᾳιιάαιι
512 233 559 284 aio
576 230 662 284 dicta
674 231 801 284 alawico
816 229 926 284 calloel.
941 229 1087 284 ecclesiae
1102 231 1291 284 contrariu·
1316 210 1379 277 403

141 403 226 486 Quae
249 421 346 486 neque
368 404 465 469 latere
487 421 559 469 eum
581 403 683 486 potest
704 421 761 468 non
778 403 937 470 nationum
954 421 1028 480 esse,
1049 401 1084 467 ut
1099 401 1266 480 Ecclesiae,
1282 421 1380 487 neque

142 508 294 587 hominis,
318 508 354 571 ut
377 505 507 572 Domino
531 505 609 584 Deo,
634 516 739 572 uerum
762 508 828 573 vice
851 525 953 586 verse,
985 509 1022 572 ut
1044 506 1181 571 Ecclesia
1203 505 1381 572 nationibus

141 612 178 677 ut
203 613 285 676 Deus
308 611 484 677 homiuibus
507 629 644 676 normam
664 613 697 675 et
719 611 843 676 modum
874 611 1019 691 definiet,
1050 629 1110 695 quo
1143 609 1248 675 fideles
1282 609 1380 675 vitam

142 715 320 798 religiosam
343 718 526 799 componant
550 733 699 798 sensaque
721 734 777 781 sue
801 714 888 781 cultu
911 715 1006 781 etiam
1030 715 1154 798 publico
1176 713 1381 780 communitor

141 819 324 903 exprimant.
369 819 486 903 Cuique
506 818 592 883 fideli
614 837 791 902 persuasum
818 821 866 884 est
897 818 1051 884 Ecclesiae
1084 817 1141 883 Dei
1171 816 1380 882 obedientiam

141 923 283 989 strictam
319 923 444 1002 deberi,
474 942 543 988 cum
579 921 644 990 Deo
677 923 738 1006 ipsi
770 922 982 1004 contradicat,
1017 922 1071 1007 qui
1106 922 1172 1005 ejus
1209 921 1380 987 Ecclesiam

142 1046 201 1093 non
226 1027 323 1093 audit.

245 1131 305 1213 Qui
327 1150 414 1196 secus
436 1131 549 1210 sentit,
585 1149 660 1216 opus
680 1131 836 1212 divinum,
868 1130 1058 1209 Ecclesiam,
1088 1129 1218 1196 arbitrio
1247 1129 1381 1194 humano

142 1235 285 1313 subiicit,
314 1237 380 1301 eius
408 1234 542 1300 indolem
573 1235 838 1321 supranaturalem
860 1239 892 1301 et
910 1234 1046 1300 divinam
1071 1235 1165 1318 negat
1188 1233 1325 1316 facitque
1346 1251 1381 1298 ex

142 1340 303 1418 creatura,
336 1339 478 1405 videlicet
501 1359 537 1404 er
564 1341 702 1418 natione,
738 1359 848 1404 numen
878 1339 1026 1405 divinum.
1073 1337 1189 1422 Atque,
1223 1339 1259 1402 ut
1286 1335 1380 1402 talem

142 1442 296 1508 sentiendi
328 1443 453 1508 modum
489 1444 654 1509 mitissimo
687 1444 803 1510 iudicio
835 1443 1100 1527 perstringamus,
1136 1440 1381 1506 Protestautium

141 1547 266 1631 placitis
287 1547 412 1632 obsequi
432 1547 582 1614 eiusmodi
604 1548 751 1614 dicendus
772 1549 838 1624 est,
860 1549 912 1632 qui
935 1548 1106 1630 superiores
1128 1563 1200 1611 suos
1221 1547 1380 1629 tamquam

142 1652 247 1735 populi
266 1651 426 1735 delegatos
448 1653 581 1730 habent,
611 1672 630 1718 a
655 1672 715 1738 quo
738 1653 925 1738 potestatem
948 1651 1032 1716 necti
1052 1651 1131 1728 sint3
1162 1668 1257 1734 quare
1285 1649 1380 1714 etiam

142 1757 209 1820 iure
228 1755 385 1838 postulare
406 1758 549 1839 possunt,
582 1760 617 1821 ut
645 1757 783 1842 regimen
807 1756 1049 1822 ecclesiasticum
1072 1755 1151 1820 votis
1174 1751 1381 1819 nationalibus

143 1860 175 1924 et
202 1859 336 1942 politicis
364 1861 556 1944 obtemperet
590 1863 683 1945 atque
715 1879 751 1926 ex
781 1861 831 1926 his
864 1863 1051 1945 agendorum
1087 1877 1225 1924 normam
1257 1856 1380 1930 sumat3

144 1981 248 2029 verum
270 1983 289 2029 a
311 1983 401 2029 sensu
425 1965 586 2044 catholico,
608 1965 688 2031 nihil
710 1965 812 2049 magis
836 1965 970 2030 alienum
994 1971 1051 2042 ast,
1073 1981 1165 2048 quam
1187 1961 1231 2026 ita
1249 1959 1380 2034 sentire3

142 2068 271 2152 quisquo
293 2069 464 2136 catholicus
486 2070 568 2135 enim
589 2069 687 2135 credit
714 2075 808 2154 atque
838 2068 1044 2134 certissimum
1079 2067 1173 2133 habet
1203 2066 1320 2148 Papam
1350 2065 1382 2128 et

144 2172 309 2256 Episcopos
345 2191 364 2238 e
398 2171 517 2257 Spiritu
550 2171 663 2240 Sancto
700 2173 816 2257 positos
857 2191 924 2238 asso
966 2191 1072 2256 regere
1107 2170 1276 2236 Ecclesiam
1315 2165 1380 2232 Dei.

144 2275 228 2360 (Act.
253 2277 322 2342 XX.
346 2277 412 2360 28.)

246 2381 346 2462 Quam
369 2380 407 2444 ob
430 2399 495 2445 rem
518 2397 608 2445 nemo
638 2396 751 2462 negare
780 2380 884 2463 potest
913 2379 1061 2444 Nostrum
1095 2395 1160 2444 esse
1194 2375 1277 2442 omni
1312 2393 1381 2440 curn
1459 2412 1462 2422 ι

143 2483 329 2548 auctoritato
362 2486 394 2548 et
426 2483 561 2548 muneris
595 2483 702 2548 Nostri
734 2482 899 2566 pastoralis
925 2484 1080 2567 potestate
1109 2491 1211 2546 uocem
1234 2481 1382 2546 Nostram

145 2588 253 2651 contra
274 2584 423 2652 eiusmodi
448 2585 607 2652 molimina
629 2585 747 2665 efferre,
770 2605 848 2671 quae
870 2588 937 2652 tour
959 2587 997 2651 ob
1018 2585 1176 2670 principia,
1202 2584 1313 2670 quibus
1334 2584 1382 2650 in·

62 2771 66 2782 Ι
145 2692 303 2770 nituntur,
327 2695 393 2757 tom
417 2693 455 2758 ob
478 2692 617 2771 modum,
639 2711 700 2776 quo
721 2692 817 2770 fiunt,
847 2692 968 2758 elicere
991 2691 1113 2770 valent,
1145 2691 1181 2756 ut
1205 2688 1382 2755 Ecclesiae

145 2795 210 2861 Deo
231 2796 361 2861 lundata
380 2795 501 2862 servilis
523 2795 695 2862 studiomm
719 2796 923 2862 humanorum
946 2796 1062 2862 ancilla
1082 2795 1147 2874 liat,
1171 2797 1207 2859 ut
1229 2793 1305 2858 fides
1324 2811 1379 2876 po-

143 2900 209 2983 puli
229 2899 448 2979 labefactetur,
481 2903 515 2965 ut
538 2899 713 2980 vinculum,
746 2919 808 2984 que
834 2919 904 2966 cum
932 2899 1079 2965 Pontifice
1102 2899 1256 2975 Romano,
1288 2896 1383 2979 quia

146 3003 216 3070 Iesu
237 3002 362 3069 Christo
384 3004 539 3069 Ecclesiae
561 3008 654 3090 caput
676 3007 865 3072 constitutus
888 3007 952 3084 est,
977 3003 1143 3088 iungimur,
1170 3002 1323 3068 relaxetur
1346 3018 1383 3064 ec

143 3107 297 3186 soluetur,
332 3107 495 3190 disciplina
514 3109 723 3175 ecclesiastice
744 3111 921 3189 evertetur,
950 3109 1075 3175 tandem
1098 3110 1134 3174 ut
1156 3104 1382 3190 magisterium,

145 3211 300 3296 legislatio
321 3231 378 3278 nec
400 3232 459 3278 non
478 3213 516 3279 de
539 3215 629 3278 rebus
649 3214 869 3279 ecclesiasticis
890 3212 1050 3278 iudicandi
1075 3215 1125 3278 ius
1148 3211 1186 3277 ad
1209 3209 1381 3294 opinionem

145 3316 209 3381 sine
232 3317 385 3399 priuatam
408 3317 472 3382 sire
493 3316 649 3402 publicam
672 3318 837 3384 deferatur.

249 3419 393 3486 Ceterum
415 3421 511 3486 etiem
533 3423 571 3488 de
593 3423 684 3488 rebus
707 3423 842 3508 politicis
864 3423 963 3487 levius
993 3421 1130 3487 iudicare
1157 3418 1305 3485 dicendus
1335 3419 1383 3481 est

146 3526 257 3607 putans
279 3543 311 3590 se
333 3525 450 3610 gloriae
472 3527 606 3593 nationis
624 3545 699 3592 suae
713 3545 749 3592 eo
764 3527 933 3610 providere,
958 3526 994 3591 ut
1009 3525 1139 3592 dissidia
1153 3525 1185 3589 in
1200 3542 1238 3588 ea
1252 3519 1383 3588 seminet

145 3627 270 3714 eiusque
293 3630 472 3714 religionem
496 3632 624 3698 misceat
646 3651 682 3698 ac
703 3631 818 3696 turbet.
848 3631 924 3712 Quis
947 3649 1079 3713 namque
1102 3631 1247 3694 maiorem
1266 3624 1383 3691 nationi

145 3732 265 3798 ruinam
288 3735 379 3816 parat
399 3753 492 3818 qoem
513 3735 570 3813 illi,
591 3734 645 3819 qui
667 3734 728 3800 lide
751 3735 874 3801 sublate
897 3734 1013 3818 primas
1035 3734 1097 3798 veri
1120 3733 1275 3819 profectus
1298 3730 1383 3813 leges

145 3835 173 3902 ei
194 3837 405 3903 subvertunt?
434 3838 494 3921 Qui
516 3839 604 3904 modo
628 3839 788 3916 occultius,
813 3839 902 3906 modo
926 3838 1131 3917 manifestius,
1154 3839 1204 3902 ast
1226 3853 1381 3917 nunquam

145 3958 204 4005 non
226 3941 330 4006 auimo
347 3940 555 4008 infensissimo
575 3961 697 4009 onmem
719 3962 842 4026 operam
867 3945 993 4020 navant,
1016 3945 1052 4008 ut
1071 3941 1223 4007 unitatem
1244 3939 1315 4004 lidei
1330 3957 1383 4002 ce·

144 4044 279 4110 thelicae
301 4045 474 4128 impetant,
507 4048 544 4111 ut
576 4047 837 4112 necessitudinem
866 4047 948 4114 inter
968 4045 1143 4113 sacerdotes
1166 4045 1198 4110 et
1219 4042 1314 4109 laicos
1334 4061 1382 4106 re-

145 4148 257 4226 laxent,
281 4152 316 4214 ut
337 4149 436 4215 vitem
458 4148 561 4235 populi
584 4169 603 4216 e
624 4151 683 4216 fide
707 4152 832 4236 eiusque
855 4152 1025 4236 praeceptis
1047 4149 1274 4216 submoveant?
1309 4145 1379 4227 Qui,

146 4254 181 4317 ut
203 4252 287 4317 brevi
307 4255 407 4319 totam
430 4273 553 4320 causam
574 4256 825 4340 complectamur,
849 4255 991 4322 omuibus
1015 4255 1130 4320 viribus
1153 4253 1323 4330 enituntur,
1347 4253 1382 4315 ut

144 4357 177 4421 in
196 4357 321 4422 natione
343 4375 466 4425 sensum
488 4359 675 4427 catholicum
698 4362 921 4445 exstinguent?
951 4360 1064 4426 Eodem
1080 4359 1206 4425 tandem
1222 4355 1384 4423 conferunt

145 4463 307 4546 scriptores
328 4462 577 4545 ephemeridum,
599 4483 677 4548 quae
702 4464 960 4532 ›belletristioae‹
987 4463 1147 4541 dicuntur,
1176 4464 1283 4545 utpote
1306 4460 1382 4526 arti·

145 4567 201 4634 tue
235 4566 371 4653 pulchris
405 4568 542 4636 colendis
571 4568 604 4634 io
638 4570 739 4636 lacem
774 4569 898 4650 editae,
921 4570 974 4654 qui
1008 4569 1223 4647 iuventutem,
1258 4567 1289 4632 iu
1322 4579 1383 4648 que
