3159 4917
326 177 430 242 Rueee.
450 177 559 234 Oratio
578 178 645 234 tub.
664 181 701 234 a'a
715 177 835 235 ⁴Ouricit.
853 178 948 234 vaae.
966 180 995 234 d.
1014 179 1058 233 21.
1078 177 1159 234 Muti
1175 179 1262 236 1870.
1351 163 1412 228 167

174 351 259 418 milis
281 350 465 434 deprecatio.
510 347 560 416 lo
583 350 658 430 Vos,
687 349 931 416 Eminentieeimi
954 355 986 418 et
1012 350 1270 418 Revermdieeimi
1292 353 1413 432 Patrae,

173 475 207 522 ee
226 455 314 539 quasi
330 455 468 520 unanimi
484 473 545 530 ore,
568 453 721 538 supplicue
745 455 939 534 convertunt,
962 475 982 520 a
1002 454 1095 522 Vobis
1116 456 1312 541 expostulant
1333 457 1412 524 ueri·

173 561 250 628 tatio
278 560 383 626 lumen
413 559 484 624 fidei
508 558 741 639 certitudinem,
773 561 806 624 et
829 559 941 626 nedum
963 560 1076 626 eradat
1098 561 1311 645 importabile,
1336 562 1412 647 ipeie

174 665 235 730 erit
256 665 398 732 omnibus
417 682 494 730 onus
516 682 609 730 suave
631 666 663 728 et
685 665 796 750 iugum
818 664 895 730 lere.

277 771 313 833 2⁰
347 769 472 836 Dictum
505 768 565 834 luit
587 767 719 846 secundo
742 767 951 835 definitionem
974 767 1210 834 intellibilitatie
1236 769 1412 854 pontificiae

172 873 299 939 Sammo
328 873 518 958 atpeneauti
539 873 616 939 bono
638 871 802 940 Ecclesiae
831 873 1006 939 adversm.
1063 873 1170 941 Pauca
1198 875 1345 940 areentur
1375 893 1413 940 ex

172 979 240 1062 ipsa
260 978 402 1044 evenient
424 976 601 1055 commoda,
625 976 708 1042 mala
731 995 802 1043 rero
824 977 942 1054 multa;
964 979 997 1042 ot
1018 996 1055 1043 ea
1080 977 1204 1062 quidem
1228 978 1312 1044 mala
1329 980 1412 1047 certo

173 1083 356 1165 proventura
377 1083 589 1159 autumatur,
608 1081 681 1166 quia
704 1100 757 1164 per
778 1080 875 1147 talem
894 1081 1105 1148 definitionem
1121 1083 1274 1150 contrario
1288 1102 1411 1149 omnem

173 1185 356 1252 habebimus
370 1185 543 1269 opinionem
560 1185 713 1268 publicam
730 1180 878 1268 oam'pua
898 1204 1030 1267 seraper,
1052 1188 1090 1251 ut
1112 1186 1212 1251 medio
1235 1188 1327 1254 tertio
1349 1187 1410 1254 Re·

174 1290 409 1356 uerendiesimue
443 1289 635 1356 Diviononeie
667 1288 762 1368 dixit,
796 1309 928 1371 conpar,
963 1289 995 1354 et
1028 1289 1096 1353 heri
1126 1289 1200 1356 Rev.
1228 1291 1412 1358 Parieicneis

172 1394 345 1479 mitigando
367 1394 472 1473 edixit,
490 1395 623 1477 mariae,
643 1396 699 1459 aut
720 1415 814 1476 saepe
833 1394 962 1478 saepiae
984 1395 1225 1476 ceommundum
1244 1402 1298 1462 oet.

276 1499 363 1565 Noua
385 1518 459 1565 sanc
482 1501 513 1564 et
537 1498 594 1562 heo
615 1516 711 1582 ueque
745 1495 886 1562 inaudite
911 1496 944 1561 in
967 1497 1105 1564 llooleeio
1128 1497 1245 1564 Christi
1264 1501 1411 1582 potestas,

171 1604 277 1686 opinio
295 1605 431 1684 publica
456 1622 549 1687 quarn
569 1601 687 1686 politici
711 1603 850 1687 reginam
865 1601 973 1666 mundi
988 1604 1107 1669 vocant.
1140 1602 1206 1669 Noe
1221 1604 1334 1683 autern,
1352 1624 1411 1670 non

172 1708 212 1772 ab
233 1706 426 1786 bominibus,
457 1708 511 1773 sed
534 1705 934 1786 ibidemmanebat,
966 1707 1107 1792 reginam
1137 1707 1244 1773 mundi
1268 1726 1412 1774 vocamus

170 1813 345 1891 mattulam,
377 1831 438 1878 non
469 1814 659 1896 opinionem,
668 1813 841 1895 publicum.
883 1811 954 1877 Non
985 1812 1109 1896 quidem
1144 1811 1296 1892 diffiteor,
1330 1812 1412 1879 hand

171 1916 288 2001 absque
307 1917 394 2001 jueta
415 1935 509 1982 eausa
531 1916 617 1982 ideas
646 1918 690 1982 eic
719 1916 819 1982 dictae
850 1915 966 1980 saeculi
1000 1935 1019 1979 a
1051 1916 1151 1982 ironte
1183 1916 1411 2000 impugnandae

171 2039 254 2098 case,
284 2021 337 2088 ced
359 2021 481 2104 quando
505 2021 684 2087 mandatum
711 2019 830 2085 Christi
857 2018 1026 2086 Salvatorie
1055 2023 1147 2104 urget
1175 2038 1247 2098 noe,
1276 2021 1412 2104 opinioni

169 2125 285 2192 veritae
316 2127 520 2208 anteponatur
551 2143 673 2190 necesse
696 2127 753 2192 est.
796 2123 907 2206 Opinio
930 2124 1053 2206 publica
1074 2143 1149 2190 uera
1169 2125 1219 2190 eet
1240 2124 1288 2190 uel
1310 2123 1408 2203 talem

168 2230 195 2298 ui
216 2249 287 2296 vera
309 2249 368 2296 nou
390 2229 504 2314 poterit
527 2228 698 2294 definitioni
713 2227 947 2294 infallibilitatie
963 2227 1138 2312 pontificiae
1154 2228 1363 2295 contradicere
1377 2231 1410 2296 et

168 2353 187 2400 a
211 2352 279 2399 vero
302 2336 385 2400 utare
407 2353 533 2410 auerea;
557 2333 582 2398 si
606 2333 703 2412 falsa,
726 2351 785 2397 non
807 2331 957 2409 iouenda,
984 2330 1038 2396 eed
1061 2334 1283 2418 oppugnanda,
1315 2334 1409 2400 refol-

100 2523 104 2532 ι
167 2437 269 2516 lenda,
293 2437 497 2516 informanda,
520 2436 679 2502 mutanda.
712 2435 752 2502 llt
774 2438 858 2502 certe
878 2435 1053 2501 mutabitur
1069 2436 1166 2520 dequo
1180 2457 1217 2502 ea
1232 2437 1409 2523 triumpha·

168 2543 224 2610 bii,
243 2542 376 2620 veritae,
406 2541 498 2608 sicuti
521 2540 662 2625 Apostoli
684 2540 955 2623 triumphaverunt
976 2539 1014 2605 de
1036 2539 1176 2624 opinione
1199 2541 1325 2626 publica
1346 2542 1408 2608 im·

167 2647 243 2729 perii
267 2645 406 2725 Romani,
430 2665 508 2732 quae
528 2645 613 2729 ipeie,
643 2644 785 2710 omnibns
809 2642 915 2710 mnndi
937 2643 1034 2710 ermis
1057 2643 1297 2723 adversabatur3
1327 2645 1409 2712 sicut

168 2751 308 2828 liocleeia
328 2751 518 2817 saeculorum
535 2750 664 2818 decursu
681 2749 873 2832 triumphare
887 2768 948 2814 non
963 2747 1056 2814 desiit
1071 2749 1110 2814 do
1126 2748 1267 2834 opinione
1283 2749 1409 2833 publiea

166 2853 241 2936 ipsis
264 2855 482 2937 propemodum
505 2873 625 2938 semper
647 2855 775 2920 inionee.
821 2853 976 2937 Abigatur
1006 2871 1100 2936 ergo,
1130 2854 1238 2937 utpote
1269 2853 1409 2920 libertati

166 2957 362 3026 Christianae
384 2977 492 3042 perum
514 2960 755 3038 consentaneae,
780 2959 875 3030 timor
895 2957 947 3022 illo
969 2957 1161 3036 mundanae,
1188 2977 1224 3023 ec
1245 2957 1274 3022 si
1295 2957 1329 3022 in
1348 2958 1408 3023 bae

166 3064 328 3146 ingruente
347 3062 525 3147 quaestione
546 3063 653 3129 lumen
674 3063 732 3128 sub
754 3061 855 3126 modio
871 3060 1045 3144 ponendum
1064 3061 1156 3140 eeeet,
1181 3062 1213 3126 et
1228 3080 1287 3127 non
1303 3062 1407 3145 potine

165 3187 255 3253 super
277 3168 514 3244 candelabrum,
547 3170 582 3234 ut
611 3169 714 3233 laceat
740 3164 883 3234 omnibus
913 3164 1111 3244 bominibus,
1143 3184 1204 3231 non
1223 3166 1341 3232 Romae
1372 3165 1405 3234 in

166 3272 302 3338 Concilio
320 3271 515 3338 oecumenico
535 3273 659 3347 sedisse,
682 3271 735 3336 sed
758 3271 790 3338 in
813 3289 849 3336 eo
865 3270 995 3348 saniora,
1015 3270 1151 3352 proficua
1166 3276 1199 3336 et
1214 3271 1407 3337 eanomrota

166 3374 277 3441 dixieeo
298 3375 456 3442 landabile
480 3379 538 3443 est.
583 3376 680 3458 Quem
703 3374 836 3442 absolvit
858 3373 1026 3452 convictio,
1059 3375 1179 3441 nonnisi
1200 3377 1305 3454 recta,
1335 3393 1406 3441 vera

165 3483 197 3545 et
218 3478 312 3546 utilia
333 3479 465 3546 uoluisse
487 3480 545 3545 eibi
569 3478 699 3556 conscia,
724 3498 783 3544 non
803 3481 852 3543 eet
873 3479 905 3543 in
927 3479 1000 3543 orbe
1023 3477 1097 3562 quid
1119 3478 1241 3544 timeat

269 3584 330 3667 Qni
353 3584 484 3649 maltum
506 3585 618 3651 metuit
641 3582 798 3660 homines,
828 3581 943 3666 grande
973 3581 1089 3666 aliquid
1118 3600 1172 3666 pro
1200 3581 1266 3649 Deo
1293 3584 1326 3648 ot
1346 3581 1405 3649 lic·

164 3687 259 3754 clonia
279 3704 436 3772 nunquam
457 3687 619 3775 conficiat3
643 3690 675 3754 et
696 3688 751 3771 qui
775 3687 913 3753 homines
935 3685 1004 3770 plue
1027 3704 1124 3770 aequo
1147 3687 1291 3770 respicit,
1313 3686 1405 3754 facile

164 3789 263 3858 Deum
288 3791 428 3875 despicit.
475 3791 637 3859 {iaciamus
659 3810 714 3876 pro
738 3791 803 3858 Deo
827 3809 1038 3876 quaeomnque
1068 3809 1230 3875 poeeumue
1258 3793 1292 3857 et
1322 3791 1404 3858 Dece

164 3895 258 3962 faciut
282 3915 335 3981 pro
358 3897 447 3964 nobie
469 3897 551 3984 quod
574 3916 633 3964 non
656 3895 804 3963 valemus.

268 3999 381 4066 Verum
412 4001 566 4068 enimvero
595 4001 622 4068 ei
652 4020 730 4067 vena
759 4001 792 4066 ot
820 3999 1006 4084 imaginaria
1045 3999 1174 4067 formido
1211 3998 1404 4084 quorundam

163 4103 265 4170 oculos
288 4105 435 4170 obcaecat
458 4106 583 4190 propter
604 4103 842 4171 infallibilitatie
864 4102 1040 4188 pontificiae
1062 4104 1289 4184 definitionem,
1320 4106 1404 4170 certo

162 4205 278 4272 certius
297 4209 361 4285 eet,
385 4229 424 4274 aa
443 4229 508 4275 noa
528 4209 706 4292 datatim
728 4207 913 4292 graviedma
933 4208 1142 4288 incommoda,
1163 4210 1249 4274 mala
1266 4210 1299 4275 et
1320 4209 1403 4277 ritu-

161 4311 248 4394 peria
269 4311 455 4395 reipublicae
479 4311 675 4379 Christianae
698 4312 932 4397 animarumque
957 4312 1052 4378 saluti
1080 4313 1252 4380 imminere.
1296 4313 1401 4380 Nolite

161 4413 325 4496 dubitare,
348 4415 592 4484 limincntiueimi
612 4421 645 4483 ot
667 4417 924 4484 Reuerendieeimi
948 4418 1074 4498 Patres,
1096 4417 1169 4504 quia
1190 4417 1223 4483 in
1246 4418 1400 4502 praeeunti

160 4537 264 4586 rerum
286 4519 374 4586 atate
397 4521 429 4588 et
454 4522 525 4606 poet
553 4523 777 4590 conburereiae
805 4521 863 4589 bac
892 4520 930 4588 de
958 4539 992 4588 re
1013 4521 1176 4604 subortae,
1203 4523 1397 4590 dietmar
