3159 4917
780 709 818 790 Χ.

180 843 425 949 Suppleneota
451 846 732 928 documentorum
759 847 806 928 ad
830 848 963 930 concilii
992 849 1141 950 provinc.
1167 847 1354 930 westnoo.
1377 847 1426 928 tl.

591 988 624 1050 a
649 967 740 1050 itit
769 969 1020 1071 pertinentium.

543 1123 609 1196 (Cir.
631 1126 752 1192 Arabio,
772 1127 794 1182 t.
811 1126 854 1182 58.
872 1143 900 1195 p.
911 1126 962 1182 201
981 1124 1053 1197 sqq.)

307 1272 335 1332 1.
373 1265 547 1331 Instmotc'o
569 1263 601 1330 S.
628 1262 886 1349 Conpregationis
907 1265 945 1330 de
969 1263 1180 1350 Ropngando
1207 1262 1297 1343 nane,

605 1368 644 1434 de
665 1369 755 1435 titolo
778 1369 999 1436 ordinationis.

284 1490 310 1556 1.
345 1488 424 1557 Cum
450 1489 626 1556 indecorum
657 1490 780 1556 omnino
811 1492 870 1571 sit,
901 1495 994 1575 atque
1024 1510 1044 1556 a
1073 1488 1279 1569 clericorum,
1309 1487 1426 1574 quiin

180 1593 277 1660 sacris
300 1592 468 1660 Ordinibus
492 1593 735 1674 constituuntur,
758 1594 915 1681 dignitate
933 1613 1057 1679 prorsus
1072 1594 1219 1674 alienum,
1242 1594 1279 1659 ut
1293 1593 1354 1677 ipsi
1369 1594 1426 1659 aut

181 1697 383 1764 emendicatis
405 1697 551 1764 subsidiis
574 1699 630 1764 aut
649 1717 686 1764 ex
707 1698 831 1765 sordido
853 1700 985 1783 quaestu
1008 1717 1045 1765 aa
1067 1718 1146 1782 quae
1168 1698 1207 1764 ad
1230 1697 1348 1764 nictum
1371 1716 1425 1762 ne·

180 1802 315 1868 cessaria
335 1803 425 1882 sunt,
449 1801 508 1868 sibi
531 1819 709 1886 comparare
730 1804 898 1888 cogentum
925 1820 1016 1868 nemo
1039 1801 1181 1887 ignorat,
1211 1801 1251 1867 ab
1274 1801 1427 1885 antiquis·

181 1905 269 1971 simis
291 1905 364 1972 inde
386 1905 577 1991 temporibus
600 1909 726 1972 cantum
749 1906 862 1987 fuisse,
884 1908 920 1972 ut
942 1906 1127 1992 quicumque
1150 1905 1182 1971 in
1204 1905 1346 1972 Ecclesia
1368 1904 1427 1970 Dei

180 2010 346 2076 adsueras
368 2009 498 2078 Ordines
520 2011 623 2078 essent
644 2011 852 2094 promovendi,
876 2011 992 2077 eisdem
1012 2011 1052 2078 de
1067 2030 1203 2096 congrua
1216 2013 1425 2095 perpetuaque
1568 2086 1569 2089 Ἴ

180 2114 434 2214 substentatione
460 2115 682 2199 provideretur.
734 2114 818 2183 Olim
844 2115 969 2200 quidem
1000 2134 1089 2182 nemo
1117 2114 1334 2194 ordinabatur,
1364 2114 1428 2182 nisi

182 2222 287 2285 certae
310 2219 536 2284 adscriberetur
558 2218 725 2298 Ecclesiae,
747 2221 798 2284 cui
817 2222 965 2305 perpetuo
988 2221 1069 2286 esset
1091 2218 1250 2299 addictus,
1274 2221 1311 2284 ut
1332 2237 1368 2285 ex
1390 2238 1429 2285 ea

182 2322 312 2388 haberet
334 2323 416 2390 uude
438 2322 534 2389 vitam
557 2323 686 2388 honeste
707 2325 813 2407 posset
834 2325 1032 2390 substentare
1041 2325 1076 2410 ¹).
1115 2323 1342 2390 Posterioribus
1356 2341 1428 2390 uero

182 2427 374 2512 temporibus
395 2427 508 2494 titulus
530 2426 742 2495 Ordinatiouis
764 2429 925 2505 inuectus,
954 2447 1015 2512 quo
1047 2427 1192 2494 uidelicet
1220 2427 1318 2493 uictui
1338 2427 1429 2493 oleri·

182 2551 288 2599 corum
311 2531 389 2597 satis
413 2531 634 2598 consuleretur.
680 2532 778 2618 Cujus
802 2533 968 2600 necessitas
992 2532 1136 2617 primitus
1158 2551 1213 2618 pro
1234 2531 1429 2600 ordinatione

181 2635 387 2704 Diaconorum
417 2637 449 2703 et
478 2636 732 2722 Presbyterorum
763 2637 902 2718 sancita,
937 2637 1009 2703 dein
1039 2638 1079 2704 ab
1101 2636 1282 2703 Innocentio
1305 2634 1364 2703 HL
1387 2635 1429 2702 ad

180 2739 389 2808 Subdiaconos
411 2759 531 2826 quoque
555 2744 680 2807 extensa
702 2741 810 2826 urite).
855 2740 1023 2826 Explorate
1056 2743 1162 2822 autem
1190 2741 1334 2808 omnibus
1352 2743 1428 2808 sunt

180 2863 261 2929 quae
281 2843 422 2930 synodus
444 2844 663 2932 Tridentinul)
694 2847 753 2912 bac
776 2865 867 2930 super
888 2865 922 2913 re
944 2845 1127 2923 constituit3
1163 2846 1252 2931 cujus
1284 2845 1428 2912 saluber-

181 2949 275 3015 rimas
298 2949 555 3034 praescriptiones
576 2968 739 3034 progressu
761 2950 909 3034 temporis
932 2951 1047 3016 alicubi
1069 2951 1230 3036 neglectas
1253 2969 1277 3019 s.
1301 2969 1343 3018 m.
1370 2949 1427 3016 In-

181 3053 341 3119 nocentius
363 3053 419 3119 XI.
442 3053 542 3120 literis
566 3054 729 3140 encyclicis
751 3053 791 3120 ad
813 3073 918 3120 omnes
941 3053 1108 3139 Episcopos
1126 3073 1180 3139 per
1198 3054 1231 3123 S.
1247 3053 1427 3140 Congrege-

180 3156 296 3224 tionem
312 3156 442 3224 Concilii
463 3158 514 3225 die
532 3159 582 3225 13.
597 3158 771 3225 maiiluna
786 3158 870 3225 datis
885 3159 1068 3244 gramssime
1083 3158 1239 3226 obseruari
1253 3159 1428 3226 mandarit.
1568 3167 1570 3178 '

287 3279 330 3345 Il.
367 3280 460 3347 Porro
483 3281 642 3366 gremiuus
656 3279 863 3366 distinguitur
877 3280 1001 3362 titulus,
1027 3281 1274 3349 mandamns
1296 3281 1428 3362 scilieet,
1531 3279 1536 3288 ’
1568 3291 1570 3300 ·

181 3405 218 3452 ac
240 3383 492 3453 Patrimoaiatc's.
538 3386 601 3452 Hic
631 3387 825 3472 postremus,
855 3386 905 3451 oui
933 3384 1124 3453 occasionem
1154 3385 1277 3452 dedisse
1303 3386 1429 3453 videtur

183 3489 356 3557 Alexander
378 3489 474 3573 111.⁴)
503 3489 616 3575 quique
645 3491 728 3557 circa
759 3489 853 3557 duem
876 3490 992 3558 saeculi
1014 3490 1104 3557 XIII.
1129 3491 1293 3558 usuueuire
1316 3491 1427 3576 coepit,
1568 3554 1570 3589 ξ

181 3592 319 3673 obtinet,
343 3611 413 3659 oum
436 3593 625 3660 ordinandus
647 3594 764 3661 talibus
787 3595 875 3661 bonis
897 3593 991 3661 certis
1012 3595 1178 3661 stabilibus
1199 3614 1236 3661 ac
1257 3595 1427 3680 frugiferis,
1568 3627 1570 3676 ς

182 3698 306 3764 aliunde
329 3716 420 3781 quam
443 3697 482 3763 ab
508 3697 648 3765 Ecclesia
675 3698 942 3784 provenientibus,
972 3699 1020 3765 est
1051 3699 1241 3780 instructus,
1274 3719 1352 3783 quaa
1386 3699 1428 3765 ad
1568 3728 1570 3745 ε

181 3821 349 3888 congruam
373 3801 440 3886 ejus
467 3803 747 3870 substentationem
776 3803 918 3869 sufficere
946 3803 1089 3888 Episcopi
1106 3803 1225 3889 judicio
1252 3805 1427 3873 censeatur.

181 3906 228 3973 dd
252 3907 427 3990 praelatum
451 3905 571 3973 accedit
594 3907 706 3974 titulus
724 3906 905 3988 Pcroaionis,
927 3927 1006 3994 quae
1023 3927 1082 3975 non
1096 3909 1187 3976 modo
1203 3909 1244 3976 ad
1256 3928 1428 3995 congruam
1568 3916 1570 3920 ’

180 4011 285 4078 clerici
307 4011 487 4078 alimonium
507 4009 657 4093 sulficere,
678 4012 733 4080 sed
756 4014 788 4078 et
810 4014 960 4097 perpetua
982 4031 1050 4080 esse
1072 4013 1173 4081 debet.
1199 4017 1303 4100 Atque
1319 4014 1352 4080 bi
1365 4015 1428 4081 dno
1568 4058 1570 4105 ᾖ

285 4221 312 4292 1)
332 4221 421 4279 Cone.
442 4221 664 4280 Οὴαῑοοάοικιι.
684 4237 752 4279 care
774 4223 823 4278 vt.

283 4307 312 4378 E)
332 4307 421 4366 Onna.
440 4307 589 4365 Laterano.
609 4309 664 4364 111.
684 4323 752 4364 aaa.
773 4309 806 4364 V.

283 4395 312 4467 d)
334 4395 411 4453 Sese.
429 4395 514 4452 XXI.
535 4397 580 4452 De
597 4399 655 4464 ref.
674 4411 741 4468 cap.
760 4397 800 4452 11.

282 4483 310 4552 4)
329 4483 367 4538 ln
387 4481 459 4554 Cup.
478 4482 497 4537 1
501 4482 533 4537 V.
552 4485 588 4540 dc
609 4483 759 4541 Praebeo.
785 4511 820 4524 -
847 4485 1070 4544 Tbomueetooue
1090 4485 1132 4542 De
1148 4489 1204 4543 ret
1220 4489 1250 4543 et
1266 4503 1331 4544 nou.
1351 4489 1428 4548 noe.

181 4567 284 4644 discipl.
302 4575 384 4640 part.
402 4568 420 4622 2
438 4571 457 4624 t.
477 4567 491 4622 l
511 4585 577 4640 cup.
597 4571 623 4625 9.
639 4587 671 4626 ro.
690 4569 715 4627 2.
