3159 4917
167 192 229 268 164
316 217 422 286 Rosea,
441 217 551 276 Orafio
570 213 638 274 hab.
655 223 692 276 ba
709 213 825 276 osaea.
843 219 938 276 Vatia
957 220 985 275 d.
1004 213 1049 274 21.
1068 215 1150 275 Maia·
1167 216 1254 275 1870.

163 393 305 459 dissimos
327 392 494 477 Episcopus
522 391 717 458 Divionensis
747 390 865 480 [llijon]
893 394 1017 476 exoptat
1045 393 1082 457 nt
1110 391 1282 458 Concilium
1313 393 1403 460 Vati·

163 517 275 564 oanum
298 497 517 564 a‘dsfinitione
551 495 793 564 Intallibilitatis
826 497 957 563 Romani
990 497 1151 563 Pontificio
1185 497 1343 564 abstineat
1371 501 1404 565 et

109 678 113 690 Ι
162 602 286 688 quidem
308 620 345 666 ex
365 603 489 686 triplice
511 603 643 682 ratione,
665 603 738 687 quia
757 604 844 667 iuxta
865 602 963 686 ipsius
985 603 1172 668 sententiam

267 705 301 771 10
322 705 396 773 talis
419 706 559 773 definitio
583 708 664 773 esset
683 726 738 790 pro
760 707 868 772 multis
888 707 1108 785 ialolaahsbs,

265 811 301 874 2⁰
323 811 464 896 generali
486 811 641 877 Ecclesiae
664 812 743 877 bono
766 811 912 890 occasa,

265 915 300 979 3⁰
322 915 419 982 Recio
441 915 598 982 Ecclesiae
620 915 764 1000 regimini
785 915 926 993 inutilis;

161 1018 211 1086 rel
232 1021 268 1086 ut
287 1020 427 1086 strictius
443 1025 475 1086 et
489 1021 623 1104 pressius
638 1019 752 1098 dicam,
774 1019 985 1085 definitionem
1000 1019 1101 1085 reiicit
1116 1022 1152 1084 ut
1165 1019 1401 1101 iaolaabrleaq

157 1125 334 1209 fabatum,
367 1125 520 1193 latialem,
569 1123 729 1209 limpidae
761 1125 909 1190 sermonis
943 1125 1123 1208 expositioni
1153 1127 1186 1189 et
1215 1125 1331 1190 arduae
1357 1124 1403 1190 rei

162 1227 368 1314 explanationi
397 1247 453 1311 pro
482 1247 551 1293 mea
577 1247 652 1313 erga
674 1228 975 1294 Reverendissimum
997 1229 1124 1295 Patrem
1147 1229 1343 1294 veneratione
1365 1247 1402 1294 ac

161 1333 279 1400 sincero
301 1331 415 1399 mentis
438 1330 550 1398 affeetu
573 1333 605 1398 et
620 1331 836 1397 aestimatione
852 1333 1017 1397 maximam
1033 1331 1237 1397 attentionem
1252 1332 1401 1415 praebui;

160 1437 214 1503 sed
235 1437 348 1503 nedum
369 1436 465 1520 ipsius
488 1436 681 1520 argumentis
709 1436 758 1501 rel
787 1435 915 1501 minime
945 1438 1116 1502 commotus
1142 1436 1219 1516 sim,
1247 1455 1265 1502 e
1294 1438 1403 1502 contra

160 1539 287 1609 firmiori
322 1561 371 1607 ms
403 1542 487 1606 stare
510 1539 585 1624 pedo
608 1540 707 1606 sentio
728 1541 761 1604 in
784 1541 924 1624 opposita
946 1540 1117 1620 sententia,
1150 1541 1197 1606 ita
1220 1542 1256 1606 ut
1276 1541 1344 1606 tota
1369 1557 1401 1605 re

160 1665 263 1712 conam
288 1647 351 1712 Deo
374 1646 412 1712 de
432 1664 509 1712 noro
530 1647 562 1711 st
584 1646 663 1711 serio
686 1664 845 1729 perpensa,
868 1644 1001 1730 singulis
1018 1645 1143 1730 singula
1162 1645 1335 1711 rationibus
1351 1663 1401 1710 ar·

160 1753 310 1836 gumenta
331 1769 481 1834 opponere
503 1769 564 1816 non
586 1750 737 1828 dubitem,
760 1750 985 1816 conclusionem
1004 1769 1041 1815 ox
1055 1751 1121 1815 sius
1136 1749 1313 1833 praemissis
1328 1768 1401 1815 cnu-

160 1854 290 1920 trariam
316 1853 455 1920 ducendo
478 1856 510 1920 st
532 1855 744 1939 probationem
766 1854 939 1938 oppositam
964 1852 1166 1933 adstruendo,
1188 1852 1328 1919 scilicet:
1350 1855 1401 1919 ta·

161 1959 223 2024 lsm
242 1957 453 2025 definitionem
475 1977 542 2024 esse

264 2063 298 2128 1⁰
314 2085 378 2146 pro
400 2063 543 2132 mathus
564 2084 636 2132 scre
660 2063 855 2130 Obliuionis
874 2061 971 2145 facile
991 2061 1193 2140 tolerabilem,

264 2167 300 2230 20
322 2187 391 2234 eam
411 2168 553 2252 pancrati
574 2161 736 2234 Ecclesiae
757 2168 836 2234 bosco
856 2187 923 2234 esse
944 2167 1035 2233 valde
1052 2169 1239 2250 proflatam,

263 2272 299 2335 30
321 2278 403 2337 recte
425 2272 588 2338 Ecclesiae
608 2272 756 2355 regimini
774 2272 913 2338 saaaime
930 2271 1047 2338 satam.

260 2375 505 2442 liminsntissimi
527 2377 559 2442 et
579 2375 836 2442 Reverendissimi
857 2377 975 2455 Patres,
994 2394 1048 2460 pro
1064 2376 1168 2442 vestra
1184 2373 1396 2441 benevolentia

159 2477 187 2543 si
209 2479 312 2563 placet
334 2479 449 2544 dicenti
474 2479 584 2547 taneto.

262 2583 438 2667 Antequam
453 2603 518 2650 rem
538 2585 660 2669 propius
674 2583 850 2668 aggrediar,
873 2583 966 2649 sinite
981 2602 1030 2649 me
1046 2582 1399 2648 animadversiuuoulam

158 2690 307 2772 tanquam
328 2687 367 2753 ad
390 2688 500 2753 limina
523 2689 680 2754 custodem
702 2689 837 2755 breviter
858 2689 1068 2772 praemittere.
1106 2687 1399 2753 Reoaeadiaaimas

158 2790 365 2860 Divioneaeis
388 2793 490 2858 nescio
520 2813 582 2878 qua
612 2793 768 2860 anxietate
798 2795 956 2877 correptus
984 2793 1017 2857 in
1046 2791 1286 2877 argumentandi
1315 2791 1397 2856 riam

158 2896 246 2977 abiit¹
269 2915 348 2981 quae
372 2897 492 2962 nonnisi
513 2897 723 2963 definitionem
743 2896 981 2962 infallibilitatis
998 2896 1179 2979 pascualis
1197 2895 1399 2963 audacium

158 3001 290 3067 Romani
324 3000 483 3067 Pontifieis
517 3001 657 3086 attingit.
710 2999 827 3066 Eadem
858 3001 910 3066 via
947 3000 1081 3066 uidimus
1114 3001 1160 3066 irs
1196 2999 1399 3066 &verendis-

157 3105 270 3170 simum
293 3105 507 3173 Parisisnssm.
554 3110 612 3172 Ast
633 3125 708 3190 pace
729 3105 989 3172 Reverendissimi
1011 3106 1080 3171 Viri
1103 3124 1139 3170 ac
1163 3104 1398 3171 Veneratissimi

157 3208 303 3295 Collegae
318 3212 424 3294 aperte
438 3211 557 3276 dicam:
580 3211 661 3276 tales
683 3210 832 3276 terminos
851 3212 896 3276 sic
918 3211 1054 3295 prolatos
1076 3211 1107 3274 in
1130 3209 1289 3275 schemate
1310 3209 1398 3275 nobis

156 3315 313 3398 proposito
335 3315 451 3381 trustra
473 3315 650 3400 perquisivi.
683 3315 850 3399 Deputatio
873 3315 954 3381 euim
981 3316 1038 3379 »ds
1060 3315 1154 3379 lide«
1179 3314 1304 3379 vocibus
1320 3313 1396 3379 lalso

156 3418 312 3502 conceptis
334 3437 370 3485 ao
390 3419 534 3503 ambigna
558 3419 727 3485 enuntiatis
748 3419 916 3502 prudenter
934 3421 1148 3502 sapienterque
1164 3416 1333 3483 abstinuit:
1356 3417 1399 3482 nt

156 3522 280 3606 quidem
304 3540 323 3586 a
345 3541 418 3588 voce
435 3523 615 3605 paraecialis
637 3542 675 3589 ne
697 3541 859 3607 personam
875 3523 1032 3607 publicam
1047 3542 1118 3588 oum
1132 3540 1262 3605 persona
1276 3521 1399 3605 priuata

157 3624 362 3691 confundendi
385 3626 480 3692 luerit
501 3628 557 3692 aut
578 3626 706 3693 daretur
728 3626 857 3694 occasio.
900 3626 1075 3694 lustrantia
1104 3625 1285 3692 doctrinalis
1314 3627 1397 3692 enim

156 3748 212 3796 nec
234 3747 380 3814 personas
402 3749 464 3813 qua
484 3731 550 3810 tali,
574 3749 631 3796 nso
650 3730 816 3796 cathedrae
831 3730 863 3794 in
879 3731 1036 3797 abstracto
1051 3731 1208 3814 competit,
1227 3729 1280 3796 sed
1294 3729 1398 3814 digni-

156 3834 218 3899 tati
241 3853 277 3900 ac
298 3833 399 3901 olfioio
419 3853 564 3919 personas
584 3834 764 3901 cathedram
781 3835 867 3900 Petri
885 3835 918 3901 in
934 3837 1073 3902 concreto
1088 3835 1224 3902 ansulis
1239 3834 1398 3918 competit.

155 3937 269 4004 Itidem
294 3938 471 4004 abstentum
499 3940 546 4003 est
572 3956 591 4001 a
614 3955 687 4003 roco
707 3937 864 4017 absoluta,
888 3937 927 4004 de
942 3955 1004 4020 qua
1024 3956 1063 4003 ns
1082 3938 1249 4024 vestigium
1271 3940 1398 4025 quidem

155 4041 280 4106 obvenit
301 4041 333 4107 in
354 4041 465 4108 &bem
486 4043 527 4108 te.
571 4041 596 4106 ll
625 4043 731 4107 contra
758 4041 905 4107 definitur
925 4041 1135 4108 infallibilibus
1158 4043 1279 4110 nonnisi
1301 4043 1398 4110 relate

155 4143 195 4211 ad
216 4163 265 4210 res
294 4144 367 4212 fidei
398 4147 429 4212 st
461 4164 600 4222 morum;
634 4164 707 4232 ergo
736 4165 796 4212 non
827 4146 867 4211 ad
901 4147 1005 4211 omnia
1037 4146 1178 4213 absolute
1211 4147 1397 4215 extenditur.

154 4248 236 4332 Quid
268 4249 380 4316 istud?
424 4249 502 4316 Oum
536 4251 678 4316 auctores
713 4250 880 4316 schematis
911 4249 983 4316 illas
1017 4269 1105 4316 voces
1141 4252 1320 4337 nentiquam
1342 4253 1398 4319 ad·

155 4352 327 4433 hibuerint,
360 4373 481 4420 omnem
507 4353 546 4418 de
574 4354 614 4420 iis
636 4353 915 4420 incriminationsm
936 4357 1022 4420 extra
1044 4355 1211 4421 rhombum
1234 4357 1343 4443 vagari
1364 4359 1397 4422 et

153 4456 331 4523 nullatenus
353 4456 393 4522 ad
415 4457 626 4541 quaestionem
651 4457 822 4540 pertinere,
846 4457 976 4525 cuilibet
996 4458 1106 4525 statim
1128 4461 1298 4544 apparebit.

257 4558 492 4627 Consideremus
515 4579 588 4646 orgo
611 4561 742 4628 Schema
765 4566 857 4646 prout
879 4565 970 4644 iacet,
992 4565 1107 4650 absque
1129 4566 1212 4630 omni
1229 4566 1397 4648 aequivoca
