<?xml version="1.0" encoding="UTF-8"?>
<!DOCTYPE html PUBLIC "-//W3C//DTD XHTML 1.0 Transitional//EN"
    "http://www.w3.org/TR/xhtml1/DTD/xhtml1-transitional.dtd">
<html xmlns="http://www.w3.org/1999/xhtml" xml:lang="en" lang="en">
 <head>
  <title>
</title>
<meta http-equiv="Content-Type" content="text/html;charset=utf-8" />
  <meta name='ocr-system' content='tesseract 3.04.00' />
  <meta name='ocr-capabilities' content='ocr_page ocr_carea ocr_par ocr_line ocrx_word'/>
</head>
<body>
  <div class='ocr_page' id='page_1' title='image "./archivfrkatholi24jurigoog_0123.png"; bbox 0 0 3159 4917; ppageno 0'>
   <div class='ocr_carea' id='block_1_1' title="bbox 187 187 1234 284">
    <p class='ocr_par' dir='ltr' id='par_1_1' title="bbox 187 187 1234 284">
     <span class='ocr_line' id='line_1_1' title="bbox 187 187 1234 284; baseline 0.006 -20"><span class='ocrx_word' id='word_1_1' title='bbox 187 200 249 265; x_wconf 81' lang='lat'>118</span> <span class='ocrx_word' id='word_1_2' title='bbox 380 215 478 272; x_wconf 68' lang='lat' dir='ltr'>rum.</span> <span class='ocrx_word' id='word_1_3' title='bbox 498 215 527 272; x_wconf 84' lang='grc' dir='ltr'>ο.</span> <span class='ocrx_word' id='word_1_4' title='bbox 549 217 585 273; x_wconf 73' lang='lat' dir='ltr'>ue</span> <span class='ocrx_word' id='word_1_5' title='bbox 605 217 639 271; x_wconf 81' lang='lat' dir='ltr'>r.</span> <span class='ocrx_word' id='word_1_6' title='bbox 658 215 691 270; x_wconf 81' lang='lat' dir='ltr'>n.</span> <span class='ocrx_word' id='word_1_7' title='bbox 709 187 755 270; x_wconf 78' lang='lat' dir='ltr'>er.</span> <span class='ocrx_word' id='word_1_8' title='bbox 774 213 865 284; x_wconf 76' lang='lat' dir='ltr'>Apru</span> <span class='ocrx_word' id='word_1_9' title='bbox 884 215 957 272; x_wconf 80' lang='lat' dir='ltr'>raon</span> <span class='ocrx_word' id='word_1_10' title='bbox 975 215 1013 270; x_wconf 72' lang='lat' dir='ltr'>ee</span> <span class='ocrx_word' id='word_1_11' title='bbox 1031 215 1234 270; x_wconf 67' lang='lat' dir='ltr'>camoenae.</span> 
     </span>
    </p>
   </div>
   <div class='ocr_carea' id='block_1_2' title="bbox 151 385 1426 4652">
    <p class='ocr_par' dir='ltr' id='par_1_2' title="bbox 151 385 1426 1308">
     <span class='ocr_line' id='line_1_2' title="bbox 183 385 1426 472; baseline -0.002 -16"><span class='ocrx_word' id='word_1_12' title='bbox 183 389 377 456; x_wconf 88' lang='lat' dir='ltr'>occurrentes</span> <span class='ocrx_word' id='word_1_13' title='bbox 399 390 523 454; x_wconf 88' lang='lat' dir='ltr'>tantum</span> <span class='ocrx_word' id='word_1_14' title='bbox 548 405 803 454; x_wconf 77' lang='lat' dir='ltr'><strong>commemorasse</strong></span> <span class='ocrx_word' id='word_1_15' title='bbox 825 387 981 472; x_wconf 81' lang='lat' dir='ltr'>suberit),</span> <span class='ocrx_word' id='word_1_16' title='bbox 1004 385 1146 454; x_wconf 79' lang='lat' dir='ltr'>adhiberi</span> <span class='ocrx_word' id='word_1_17' title='bbox 1165 387 1333 465; x_wconf 85' lang='lat' dir='ltr'>consuerit,</span> <span class='ocrx_word' id='word_1_18' title='bbox 1355 407 1426 454; x_wconf 93' lang='lat' dir='ltr'>cnm</span> 
     </span>
     <span class='ocr_line' id='line_1_3' title="bbox 183 490 1424 578; baseline -0.004 -18"><span class='ocrx_word' id='word_1_19' title='bbox 183 495 263 560; x_wconf 87' lang='lat' dir='ltr'>alius</span> <span class='ocrx_word' id='word_1_20' title='bbox 282 493 443 578; x_wconf 83' lang='lat' dir='ltr'>legitimus</span> <span class='ocrx_word' id='word_1_21' title='bbox 467 494 580 560; x_wconf 90' lang='lat' dir='ltr'>titulus</span> <span class='ocrx_word' id='word_1_22' title='bbox 604 493 686 560; x_wconf 87' lang='lat' dir='ltr'>baud</span> <span class='ocrx_word' id='word_1_23' title='bbox 707 493 863 576; x_wconf 77' lang='lat' dir='ltr'>suppetit,</span> <span class='ocrx_word' id='word_1_24' title='bbox 885 510 940 576; x_wconf 92' lang='lat' dir='ltr'>pro</span> <span class='ocrx_word' id='word_1_25' title='bbox 961 490 1017 570; x_wconf 91' lang='lat' dir='ltr'>iis,</span> <span class='ocrx_word' id='word_1_26' title='bbox 1041 491 1095 575; x_wconf 89' lang='lat' dir='ltr'>qui</span> <span class='ocrx_word' id='word_1_27' title='bbox 1116 491 1285 575; x_wconf 88' lang='lat' dir='ltr'>majoribus</span> <span class='ocrx_word' id='word_1_28' title='bbox 1307 491 1424 558; x_wconf 88' lang='lat' dir='ltr'>ordini·</span> 
     </span>
     <span class='ocr_line' id='line_1_4' title="bbox 182 595 1424 682; baseline -0.002 -18"><span class='ocrx_word' id='word_1_29' title='bbox 182 599 239 664; x_wconf 89' lang='lat' dir='ltr'>bus</span> <span class='ocrx_word' id='word_1_30' title='bbox 263 597 383 664; x_wconf 80' lang='lat' dir='ltr'>Initiari</span> <span class='ocrx_word' id='word_1_31' title='bbox 415 598 545 682; x_wconf 91' lang='lat' dir='ltr'>cupiunt</span> <span class='ocrx_word' id='word_1_32' title='bbox 576 600 612 663; x_wconf 90' lang='lat' dir='ltr'>ut</span> <span class='ocrx_word' id='word_1_33' title='bbox 646 596 896 681; x_wconf 81' lang='lat' dir='ltr'>Apostolicorum</span> <span class='ocrx_word' id='word_1_34' title='bbox 926 595 1109 662; x_wconf 79' lang='lat' dir='ltr'>MIssIonum</span> <span class='ocrx_word' id='word_1_35' title='bbox 1132 595 1258 662; x_wconf 88' lang='lat' dir='ltr'>servitio</span> <span class='ocrx_word' id='word_1_36' title='bbox 1280 613 1347 660; x_wconf 89' lang='lat' dir='ltr'>sese</span> <span class='ocrx_word' id='word_1_37' title='bbox 1369 595 1424 662; x_wconf 90' lang='lat' dir='ltr'>de·</span> 
     </span>
     <span class='ocr_line' id='line_1_5' title="bbox 183 699 1426 786; baseline -0.002 -18"><span class='ocrx_word' id='word_1_38' title='bbox 183 705 323 769; x_wconf 84' lang='lat' dir='ltr'>voveant.</span> <span class='ocrx_word' id='word_1_39' title='bbox 362 701 398 766; x_wconf 95' lang='lat' dir='ltr'>ld</span> <span class='ocrx_word' id='word_1_40' title='bbox 421 703 526 766; x_wconf 85' lang='lat' dir='ltr'>autern</span> <span class='ocrx_word' id='word_1_41' title='bbox 549 720 640 785; x_wconf 87' lang='lat' dir='ltr'>saepe</span> <span class='ocrx_word' id='word_1_42' title='bbox 663 701 817 786; x_wconf 80' lang='lat' dir='ltr'>contingit</span> <span class='ocrx_word' id='word_1_43' title='bbox 840 699 871 765; x_wconf 89' lang='lat' dir='ltr'>in</span> <span class='ocrx_word' id='word_1_44' title='bbox 893 701 968 766; x_wconf 89' lang='lat' dir='ltr'>locis</span> <span class='ocrx_word' id='word_1_45' title='bbox 991 699 1182 778; x_wconf 81' lang='lat' dir='ltr'>missionum,</span> <span class='ocrx_word' id='word_1_46' title='bbox 1206 700 1237 764; x_wconf 94' lang='lat' dir='ltr'>in</span> <span class='ocrx_word' id='word_1_47' title='bbox 1257 699 1370 783; x_wconf 86' lang='lat' dir='ltr'>quibus</span> <span class='ocrx_word' id='word_1_48' title='bbox 1389 718 1426 765; x_wconf 86' lang='lat' dir='ltr'>ea</span> 
     </span>
     <span class='ocr_line' id='line_1_6' title="bbox 182 803 1424 888; baseline -0.003 -16"><span class='ocrx_word' id='word_1_49' title='bbox 182 809 230 872; x_wconf 90' lang='lat' dir='ltr'>est</span> <span class='ocrx_word' id='word_1_50' title='bbox 250 825 353 871; x_wconf 89' lang='lat' dir='ltr'>rerum</span> <span class='ocrx_word' id='word_1_51' title='bbox 377 804 528 884; x_wconf 90' lang='lat' dir='ltr'>conditio,</span> <span class='ocrx_word' id='word_1_52' title='bbox 561 807 596 870; x_wconf 87' lang='lat' dir='ltr'>ui</span> <span class='ocrx_word' id='word_1_53' title='bbox 627 823 788 871; x_wconf 89' lang='lat' dir='ltr'>commune</span> <span class='ocrx_word' id='word_1_54' title='bbox 819 805 976 870; x_wconf 79' lang='lat' dir='ltr'>Ecclesiae</span> <span class='ocrx_word' id='word_1_55' title='bbox 1005 804 1058 888; x_wconf 84' lang='lat' dir='ltr'>jus</span> <span class='ocrx_word' id='word_1_56' title='bbox 1084 805 1166 869; x_wconf 89' lang='lat' dir='ltr'>circa</span> <span class='ocrx_word' id='word_1_57' title='bbox 1194 824 1247 882; x_wconf 88' lang='lat' dir='ltr'>ea,</span> <span class='ocrx_word' id='word_1_58' title='bbox 1283 822 1362 888; x_wconf 85' lang='lat' dir='ltr'>quae</span> <span class='ocrx_word' id='word_1_59' title='bbox 1385 803 1424 868; x_wconf 83' lang='lat' dir='ltr'>ad</span> 
     </span>
     <span class='ocr_line' id='line_1_7' title="bbox 181 907 1425 995; baseline 0 -21"><span class='ocrx_word' id='word_1_60' title='bbox 181 907 440 995; x_wconf 85' lang='lat' dir='ltr'>praerequisiium</span> <span class='ocrx_word' id='word_1_61' title='bbox 454 928 509 993; x_wconf 90' lang='lat' dir='ltr'>pro</span> <span class='ocrx_word' id='word_1_62' title='bbox 521 927 610 975; x_wconf 87' lang='lat' dir='ltr'>secra</span> <span class='ocrx_word' id='word_1_63' title='bbox 621 909 823 976; x_wconf 91' lang='lat' dir='ltr'>Ordinatioue</span> <span class='ocrx_word' id='word_1_64' title='bbox 838 908 968 974; x_wconf 88' lang='lat' dir='ltr'>titulum</span> <span class='ocrx_word' id='word_1_65' title='bbox 983 909 1133 992; x_wconf 86' lang='lat' dir='ltr'>spectent,</span> <span class='ocrx_word' id='word_1_66' title='bbox 1149 908 1266 973; x_wconf 83' lang='lat' dir='ltr'>servari</span> <span class='ocrx_word' id='word_1_67' title='bbox 1280 907 1425 974; x_wconf 85' lang='lat' dir='ltr'>adamus-</span> 
     </span>
     <span class='ocr_line' id='line_1_8' title="bbox 151 1013 1425 1098; baseline 0 -18"><span class='ocrx_word' id='word_1_68' title='bbox 151 1083 154 1088; x_wconf 75' lang='grc'><em>,</em></span> <span class='ocrx_word' id='word_1_69' title='bbox 182 1015 239 1080; x_wconf 89' lang='lat' dir='ltr'>sim</span> <span class='ocrx_word' id='word_1_70' title='bbox 264 1016 405 1098; x_wconf 78' lang='lat' dir='ltr'><strong>nequeat.</strong></span> <span class='ocrx_word' id='word_1_71' title='bbox 433 1015 492 1097; x_wconf 79' lang='lat' dir='ltr'>Qui</span> <span class='ocrx_word' id='word_1_72' title='bbox 517 1033 586 1080; x_wconf 84' lang='lat' dir='ltr'>vero</span> <span class='ocrx_word' id='word_1_73' title='bbox 610 1013 787 1098; x_wconf 88' lang='lat' dir='ltr'>hujusmodi</span> <span class='ocrx_word' id='word_1_74' title='bbox 810 1013 907 1080; x_wconf 90' lang='lat' dir='ltr'>titulo</span> <span class='ocrx_word' id='word_1_75' title='bbox 928 1013 1064 1081; x_wconf 88' lang='lat' dir='ltr'>ordinati</span> <span class='ocrx_word' id='word_1_76' title='bbox 1084 1014 1167 1092; x_wconf 87' lang='lat' dir='ltr'>sunt,</span> <span class='ocrx_word' id='word_1_77' title='bbox 1188 1013 1211 1078; x_wconf 94' lang='lat' dir='ltr'>ii</span> <span class='ocrx_word' id='word_1_78' title='bbox 1234 1031 1269 1078; x_wconf 83' lang='lat' dir='ltr'>ex</span> <span class='ocrx_word' id='word_1_79' title='bbox 1292 1014 1425 1097; x_wconf 78' lang='lat' dir='ltr'>Aposto-</span> 
     </span>
     <span class='ocr_line' id='line_1_9' title="bbox 183 1115 1425 1200; baseline 0 -16"><span class='ocrx_word' id='word_1_80' title='bbox 183 1119 241 1184; x_wconf 92' lang='lat' dir='ltr'>lico</span> <span class='ocrx_word' id='word_1_81' title='bbox 263 1119 434 1184; x_wconf 86' lang='lat' dir='ltr'>ministerio</span> <span class='ocrx_word' id='word_1_82' title='bbox 457 1119 488 1184; x_wconf 91' lang='lat' dir='ltr'>in</span> <span class='ocrx_word' id='word_1_83' title='bbox 513 1117 668 1200; x_wconf 73' lang='lat' dir='ltr'>illesione,</span> <span class='ocrx_word' id='word_1_84' title='bbox 694 1119 743 1184; x_wconf 92' lang='lat' dir='ltr'>oni</span> <span class='ocrx_word' id='word_1_85' title='bbox 765 1118 893 1184; x_wconf 84' lang='lat' dir='ltr'>luerunt</span> <span class='ocrx_word' id='word_1_86' title='bbox 915 1115 1042 1196; x_wconf 88' lang='lat' dir='ltr'>addicti,</span> <span class='ocrx_word' id='word_1_87' title='bbox 1067 1116 1106 1182; x_wconf 87' lang='lat' dir='ltr'>ed</span> <span class='ocrx_word' id='word_1_88' title='bbox 1122 1117 1238 1183; x_wconf 89' lang='lat' dir='ltr'>rictum</span> <span class='ocrx_word' id='word_1_89' title='bbox 1254 1119 1425 1184; x_wconf 79' lang='lat' dir='ltr'>necessarta</span> 
     </span>
     <span class='ocr_line' id='line_1_10' title="bbox 182 1225 422 1308; baseline 0 -19"><span class='ocrx_word' id='word_1_90' title='bbox 182 1225 422 1308; x_wconf 88' lang='lat' dir='ltr'>consequuntur.</span> 
     </span>
    </p>

    <p class='ocr_par' dir='ltr' id='par_1_3' title="bbox 177 1324 1425 3082">
     <span class='ocr_line' id='line_1_11' title="bbox 286 1324 1423 1413; baseline -0.003 -19"><span class='ocrx_word' id='word_1_91' title='bbox 286 1327 357 1394; x_wconf 84' lang='lat' dir='ltr'>VII.</span> <span class='ocrx_word' id='word_1_92' title='bbox 391 1326 451 1393; x_wconf 85' lang='lat' dir='ltr'>Sed</span> <span class='ocrx_word' id='word_1_93' title='bbox 474 1329 665 1413; x_wconf 79' lang='lat' dir='ltr'>exploratum</span> <span class='ocrx_word' id='word_1_94' title='bbox 688 1327 752 1405; x_wconf 87' lang='lat' dir='ltr'>est,</span> <span class='ocrx_word' id='word_1_95' title='bbox 784 1326 962 1392; x_wconf 88' lang='lat' dir='ltr'>Ordinarios</span> <span class='ocrx_word' id='word_1_96' title='bbox 989 1324 1117 1392; x_wconf 83' lang='lat' dir='ltr'>Clericis</span> <span class='ocrx_word' id='word_1_97' title='bbox 1144 1325 1237 1391; x_wconf 90' lang='lat' dir='ltr'>titulo</span> <span class='ocrx_word' id='word_1_98' title='bbox 1268 1325 1423 1392; x_wconf 80' lang='lat' dir='ltr'>Missionis</span> 
     </span>
     <span class='ocr_line' id='line_1_12' title="bbox 181 1428 1424 1516; baseline -0.004 -18"><span class='ocrx_word' id='word_1_99' title='bbox 181 1453 242 1498; x_wconf 90' lang='lat' dir='ltr'>non</span> <span class='ocrx_word' id='word_1_100' title='bbox 264 1451 352 1516; x_wconf 90' lang='lat' dir='ltr'>posse</span> <span class='ocrx_word' id='word_1_101' title='bbox 376 1433 430 1498; x_wconf 86' lang='lat' dir='ltr'>SS.</span> <span class='ocrx_word' id='word_1_102' title='bbox 454 1432 691 1498; x_wconf 88' lang='lat' dir='ltr'>Ordinationum</span> <span class='ocrx_word' id='word_1_103' title='bbox 714 1451 843 1496; x_wconf 90' lang='lat' dir='ltr'>munera</span> <span class='ocrx_word' id='word_1_104' title='bbox 865 1431 1029 1514; x_wconf 87' lang='lat' dir='ltr'>impertiri,</span> <span class='ocrx_word' id='word_1_105' title='bbox 1052 1431 1111 1495; x_wconf 90' lang='lat' dir='ltr'>uisi</span> <span class='ocrx_word' id='word_1_106' title='bbox 1133 1429 1260 1514; x_wconf 86' lang='lat' dir='ltr'>speciali</span> <span class='ocrx_word' id='word_1_107' title='bbox 1282 1428 1313 1496; x_wconf 87' lang='lat' dir='ltr'>S.</span> <span class='ocrx_word' id='word_1_108' title='bbox 1336 1429 1424 1495; x_wconf 88' lang='lat' dir='ltr'>Sedis</span> 
     </span>
     <span class='ocr_line' id='line_1_13' title="bbox 180 1535 1425 1620; baseline -0.001 -18"><span class='ocrx_word' id='word_1_109' title='bbox 180 1536 302 1602; x_wconf 91' lang='lat' dir='ltr'>indulto</span> <span class='ocrx_word' id='word_1_110' title='bbox 326 1536 438 1602; x_wconf 91' lang='lat' dir='ltr'>muniti</span> <span class='ocrx_word' id='word_1_111' title='bbox 461 1536 542 1613; x_wconf 88' lang='lat' dir='ltr'>sint;</span> <span class='ocrx_word' id='word_1_112' title='bbox 567 1537 673 1620; x_wconf 82' lang='lat' dir='ltr'>agitur</span> <span class='ocrx_word' id='word_1_113' title='bbox 695 1536 776 1601; x_wconf 89' lang='lat' dir='ltr'>enim</span> <span class='ocrx_word' id='word_1_114' title='bbox 799 1536 837 1600; x_wconf 90' lang='lat' dir='ltr'>de</span> <span class='ocrx_word' id='word_1_115' title='bbox 860 1535 952 1602; x_wconf 92' lang='lat' dir='ltr'>titulo</span> <span class='ocrx_word' id='word_1_116' title='bbox 973 1535 1214 1601; x_wconf 78' lang='lat' dir='ltr'>extraordinario</span> <span class='ocrx_word' id='word_1_117' title='bbox 1232 1536 1286 1619; x_wconf 88' lang='lat' dir='ltr'>qui</span> <span class='ocrx_word' id='word_1_118' title='bbox 1301 1537 1425 1619; x_wconf 89' lang='lat' dir='ltr'>praeter</span> 
     </span>
     <span class='ocr_line' id='line_1_14' title="bbox 177 1638 1424 1725; baseline -0.002 -20"><span class='ocrx_word' id='word_1_119' title='bbox 177 1641 229 1725; x_wconf 91' lang='lat' dir='ltr'>jus</span> <span class='ocrx_word' id='word_1_120' title='bbox 252 1659 413 1707; x_wconf 90' lang='lat' dir='ltr'>commune</span> <span class='ocrx_word' id='word_1_121' title='bbox 436 1640 594 1706; x_wconf 89' lang='lat' dir='ltr'>adbibitus</span> <span class='ocrx_word' id='word_1_122' title='bbox 618 1641 687 1707; x_wconf 85' lang='lat' dir='ltr'>fuit.</span> <span class='ocrx_word' id='word_1_123' title='bbox 744 1639 833 1723; x_wconf 79' lang='lat' dir='ltr'>Quod</span> <span class='ocrx_word' id='word_1_124' title='bbox 864 1641 989 1724; x_wconf 89' lang='lat' dir='ltr'>quidem</span> <span class='ocrx_word' id='word_1_125' title='bbox 1021 1639 1176 1706; x_wconf 84' lang='lat' dir='ltr'>indultum</span> <span class='ocrx_word' id='word_1_126' title='bbox 1210 1638 1424 1723; x_wconf 80' lang='lat' dir='ltr'>Superioribus</span> 
     </span>
     <span class='ocr_line' id='line_1_15' title="bbox 182 1743 1423 1830; baseline 0 -20"><span class='ocrx_word' id='word_1_127' title='bbox 182 1745 364 1811; x_wconf 78' lang='lat' dir='ltr'>MIssionum</span> <span class='ocrx_word' id='word_1_128' title='bbox 389 1747 443 1810; x_wconf 90' lang='lat' dir='ltr'>aut</span> <span class='ocrx_word' id='word_1_129' title='bbox 468 1743 675 1829; x_wconf 78' lang='lat' dir='ltr'>collegiorum</span> <span class='ocrx_word' id='word_1_130' title='bbox 710 1765 764 1810; x_wconf 89' lang='lat' dir='ltr'>sen</span> <span class='ocrx_word' id='word_1_131' title='bbox 795 1745 1079 1830; x_wconf 81' lang='lat' dir='ltr'>Congregationum</span> <span class='ocrx_word' id='word_1_132' title='bbox 1113 1763 1192 1829; x_wconf 86' lang='lat' dir='ltr'>qnae</span> <span class='ocrx_word' id='word_1_133' title='bbox 1225 1743 1423 1810; x_wconf 87' lang='lat' dir='ltr'>missionibus</span> 
     </span>
     <span class='ocr_line' id='line_1_16' title="bbox 180 1849 1421 1934; baseline -0.001 -20"><span class='ocrx_word' id='word_1_134' title='bbox 180 1850 361 1927; x_wconf 85' lang='lat' dir='ltr'>inserviunt,</span> <span class='ocrx_word' id='word_1_135' title='bbox 383 1849 430 1914; x_wconf 88' lang='lat' dir='ltr'>vel</span> <span class='ocrx_word' id='word_1_136' title='bbox 452 1850 492 1914; x_wconf 92' lang='lat' dir='ltr'>ad</span> <span class='ocrx_word' id='word_1_137' title='bbox 515 1851 634 1917; x_wconf 90' lang='lat' dir='ltr'>certum</span> <span class='ocrx_word' id='word_1_138' title='bbox 657 1851 790 1933; x_wconf 88' lang='lat' dir='ltr'>tempus,</span> <span class='ocrx_word' id='word_1_139' title='bbox 814 1850 862 1914; x_wconf 83' lang='lat' dir='ltr'>rel</span> <span class='ocrx_word' id='word_1_140' title='bbox 878 1849 917 1914; x_wconf 86' lang='lat' dir='ltr'>ed</span> <span class='ocrx_word' id='word_1_141' title='bbox 933 1849 1101 1934; x_wconf 84' lang='lat' dir='ltr'>praefixum</span> <span class='ocrx_word' id='word_1_142' title='bbox 1119 1867 1244 1914; x_wconf 87' lang='lat' dir='ltr'>casuum</span> <span class='ocrx_word' id='word_1_143' title='bbox 1261 1867 1421 1914; x_wconf 90' lang='lat' dir='ltr'>numerum</span> 
     </span>
     <span class='ocr_line' id='line_1_17' title="bbox 180 1952 1423 2037; baseline 0 -19"><span class='ocrx_word' id='word_1_144' title='bbox 180 1953 304 2019; x_wconf 87' lang='lat' dir='ltr'>concedi</span> <span class='ocrx_word' id='word_1_145' title='bbox 327 1953 414 2021; x_wconf 88' lang='lat' dir='ltr'>solet.</span> <span class='ocrx_word' id='word_1_146' title='bbox 456 1953 656 2019; x_wconf 86' lang='lat' dir='ltr'>Meminerint</span> <span class='ocrx_word' id='word_1_147' title='bbox 679 1955 783 2018; x_wconf 89' lang='lat' dir='ltr'>nutem</span> <span class='ocrx_word' id='word_1_148' title='bbox 806 1953 983 2037; x_wconf 83' lang='lat' dir='ltr'>Superiores</span> <span class='ocrx_word' id='word_1_149' title='bbox 1005 1973 1042 2020; x_wconf 89' lang='lat' dir='ltr'>eo</span> <span class='ocrx_word' id='word_1_150' title='bbox 1066 1972 1156 2036; x_wconf 84' lang='lat' dir='ltr'>parce</span> <span class='ocrx_word' id='word_1_151' title='bbox 1183 1953 1332 2018; x_wconf 90' lang='lat' dir='ltr'>utendum</span> <span class='ocrx_word' id='word_1_152' title='bbox 1363 1952 1423 2018; x_wconf 89' lang='lat' dir='ltr'>sibi</span> 
     </span>
     <span class='ocr_line' id='line_1_18' title="bbox 180 2057 1424 2143; baseline -0.002 -20"><span class='ocrx_word' id='word_1_153' title='bbox 180 2077 263 2126; x_wconf 85' lang='lat' dir='ltr'>esse:</span> <span class='ocrx_word' id='word_1_154' title='bbox 286 2059 488 2141; x_wconf 89' lang='lat' dir='ltr'>nequeenim</span> <span class='ocrx_word' id='word_1_155' title='bbox 511 2057 605 2124; x_wconf 90' lang='lat' dir='ltr'>titulo</span> <span class='ocrx_word' id='word_1_156' title='bbox 629 2057 785 2123; x_wconf 89' lang='lat' dir='ltr'>Missionis</span> <span class='ocrx_word' id='word_1_157' title='bbox 808 2077 913 2124; x_wconf 89' lang='lat' dir='ltr'>omncs</span> <span class='ocrx_word' id='word_1_158' title='bbox 936 2059 1051 2143; x_wconf 86' lang='lat' dir='ltr'>absque</span> <span class='ocrx_word' id='word_1_159' title='bbox 1075 2057 1198 2124; x_wconf 87' lang='lat' dir='ltr'>delectu</span> <span class='ocrx_word' id='word_1_160' title='bbox 1217 2058 1313 2123; x_wconf 91' lang='lat' dir='ltr'>sacris</span> <span class='ocrx_word' id='word_1_161' title='bbox 1332 2058 1424 2122; x_wconf 88' lang='lat' dir='ltr'>erunt</span> 
     </span>
     <span class='ocr_line' id='line_1_19' title="bbox 180 2161 1421 2246; baseline -0.002 -18"><span class='ocrx_word' id='word_1_162' title='bbox 180 2161 347 2228; x_wconf 88' lang='lat' dir='ltr'>Ordinibus</span> <span class='ocrx_word' id='word_1_163' title='bbox 366 2163 513 2228; x_wconf 80' lang='lat' dir='ltr'>initiandi</span> <span class='ocrx_word' id='word_1_164' title='bbox 537 2162 666 2242; x_wconf 81' lang='lat' dir='ltr'>Clerici,</span> <span class='ocrx_word' id='word_1_165' title='bbox 695 2163 748 2246; x_wconf 88' lang='lat' dir='ltr'>qui</span> <span class='ocrx_word' id='word_1_166' title='bbox 772 2163 813 2228; x_wconf 89' lang='lat' dir='ltr'>ad</span> <span class='ocrx_word' id='word_1_167' title='bbox 840 2162 1022 2228; x_wconf 88' lang='lat' dir='ltr'>Missionum</span> <span class='ocrx_word' id='word_1_168' title='bbox 1045 2161 1233 2228; x_wconf 91' lang='lat' dir='ltr'>curriculum</span> <span class='ocrx_word' id='word_1_169' title='bbox 1255 2161 1421 2227; x_wconf 90' lang='lat' dir='ltr'>ineundum</span> 
     </span>
     <span class='ocr_line' id='line_1_20' title="bbox 181 2267 1422 2352; baseline 0 -21"><span class='ocrx_word' id='word_1_170' title='bbox 181 2269 349 2350; x_wconf 91' lang='lat' dir='ltr'>utcumque</span> <span class='ocrx_word' id='word_1_171' title='bbox 372 2268 513 2352; x_wconf 80' lang='lat' dir='ltr'>dispositi</span> <span class='ocrx_word' id='word_1_172' title='bbox 536 2268 707 2336; x_wconf 82' lang='lat' dir='ltr'>rideantur.</span> <span class='ocrx_word' id='word_1_173' title='bbox 750 2268 783 2334; x_wconf 89' lang='lat' dir='ltr'>Si</span> <span class='ocrx_word' id='word_1_174' title='bbox 808 2268 890 2333; x_wconf 90' lang='lat' dir='ltr'>enim</span> <span class='ocrx_word' id='word_1_175' title='bbox 910 2268 999 2351; x_wconf 77' lang='lat' dir='ltr'>Juxta</span> <span class='ocrx_word' id='word_1_176' title='bbox 1020 2287 1045 2335; x_wconf 89' lang='lat' dir='ltr'>s.</span> <span class='ocrx_word' id='word_1_177' title='bbox 1071 2267 1161 2332; x_wconf 86' lang='lat' dir='ltr'>Pauli</span> <span class='ocrx_word' id='word_1_178' title='bbox 1181 2267 1334 2333; x_wconf 91' lang='lat' dir='ltr'>monitum</span> <span class='ocrx_word' id='word_1_179' title='bbox 1356 2284 1422 2332; x_wconf 86' lang='lat' dir='ltr'>ma·</span> 
     </span>
     <span class='ocr_line' id='line_1_21' title="bbox 180 2371 1422 2456; baseline 0.002 -22"><span class='ocrx_word' id='word_1_180' title='bbox 180 2389 237 2434; x_wconf 88' lang='lat' dir='ltr'>nus</span> <span class='ocrx_word' id='word_1_181' title='bbox 261 2371 375 2436; x_wconf 91' lang='lat' dir='ltr'>nemini</span> <span class='ocrx_word' id='word_1_182' title='bbox 399 2373 460 2437; x_wconf 87' lang='lat' dir='ltr'>citu</span> <span class='ocrx_word' id='word_1_183' title='bbox 483 2372 694 2456; x_wconf 91' lang='lat' dir='ltr'>imponendae,</span> <span class='ocrx_word' id='word_1_184' title='bbox 715 2372 747 2436; x_wconf 90' lang='lat' dir='ltr'>id</span> <span class='ocrx_word' id='word_1_185' title='bbox 770 2371 965 2456; x_wconf 88' lang='lat' dir='ltr'>potissimum</span> <span class='ocrx_word' id='word_1_186' title='bbox 988 2372 1083 2449; x_wconf 88' lang='lat' dir='ltr'>valet,</span> <span class='ocrx_word' id='word_1_187' title='bbox 1107 2390 1178 2436; x_wconf 90' lang='lat' dir='ltr'>cum</span> <span class='ocrx_word' id='word_1_188' title='bbox 1199 2389 1300 2437; x_wconf 87' lang='lat' dir='ltr'>sermo</span> <span class='ocrx_word' id='word_1_189' title='bbox 1321 2373 1370 2436; x_wconf 90' lang='lat' dir='ltr'>est</span> <span class='ocrx_word' id='word_1_190' title='bbox 1384 2371 1422 2437; x_wconf 93' lang='lat' dir='ltr'>de</span> 
     </span>
     <span class='ocr_line' id='line_1_22' title="bbox 179 2475 1423 2560; baseline 0.001 -21"><span class='ocrx_word' id='word_1_191' title='bbox 179 2475 218 2540; x_wconf 86' lang='lat' dir='ltr'>iis</span> <span class='ocrx_word' id='word_1_192' title='bbox 241 2475 349 2558; x_wconf 90' lang='lat' dir='ltr'>quiin</span> <span class='ocrx_word' id='word_1_193' title='bbox 373 2475 503 2541; x_wconf 86' lang='lat' dir='ltr'>arduum</span> <span class='ocrx_word' id='word_1_194' title='bbox 528 2477 688 2559; x_wconf 86' lang='lat' dir='ltr'>apostolici</span> <span class='ocrx_word' id='word_1_195' title='bbox 712 2477 877 2542; x_wconf 89' lang='lat' dir='ltr'>ministerii</span> <span class='ocrx_word' id='word_1_196' title='bbox 901 2494 976 2560; x_wconf 90' lang='lat' dir='ltr'>opus</span> <span class='ocrx_word' id='word_1_197' title='bbox 999 2477 1208 2542; x_wconf 84' lang='lat' dir='ltr'>assumuntur.</span> <span class='ocrx_word' id='word_1_198' title='bbox 1247 2475 1348 2558; x_wconf 83' lang='lat' dir='ltr'>Quare</span> <span class='ocrx_word' id='word_1_199' title='bbox 1372 2475 1423 2541; x_wconf 92' lang='lat' dir='ltr'>bic</span> 
     </span>
     <span class='ocr_line' id='line_1_23' title="bbox 179 2579 1423 2664; baseline 0.001 -21"><span class='ocrx_word' id='word_1_200' title='bbox 179 2579 292 2644; x_wconf 88' lang='lat' dir='ltr'>titulus</span> <span class='ocrx_word' id='word_1_201' title='bbox 315 2579 508 2645; x_wconf 88' lang='lat' dir='ltr'>adhibendus</span> <span class='ocrx_word' id='word_1_202' title='bbox 531 2581 592 2646; x_wconf 90' lang='lat' dir='ltr'>erit</span> <span class='ocrx_word' id='word_1_203' title='bbox 612 2581 645 2645; x_wconf 93' lang='lat' dir='ltr'>in</span> <span class='ocrx_word' id='word_1_204' title='bbox 667 2600 771 2646; x_wconf 89' lang='lat' dir='ltr'>eorum</span> <span class='ocrx_word' id='word_1_205' title='bbox 795 2581 958 2648; x_wconf 79' lang='lat' dir='ltr'>dumtaxat</span> <span class='ocrx_word' id='word_1_206' title='bbox 973 2581 1119 2659; x_wconf 84' lang='lat' dir='ltr'>levorem,</span> <span class='ocrx_word' id='word_1_207' title='bbox 1141 2579 1195 2664; x_wconf 90' lang='lat' dir='ltr'>qni</span> <span class='ocrx_word' id='word_1_208' title='bbox 1210 2580 1304 2645; x_wconf 86' lang='lat' dir='ltr'>animi</span> <span class='ocrx_word' id='word_1_209' title='bbox 1320 2579 1423 2645; x_wconf 89' lang='lat' dir='ltr'>iudole</span> 
     </span>
     <span class='ocr_line' id='line_1_24' title="bbox 179 2683 1420 2770; baseline 0.002 -23"><span class='ocrx_word' id='word_1_210' title='bbox 179 2684 211 2748; x_wconf 91' lang='lat' dir='ltr'>et</span> <span class='ocrx_word' id='word_1_211' title='bbox 233 2683 410 2762; x_wconf 81' lang='lat' dir='ltr'>docilitate,</span> <span class='ocrx_word' id='word_1_212' title='bbox 434 2685 614 2750; x_wconf 90' lang='lat' dir='ltr'>intentionis</span> <span class='ocrx_word' id='word_1_213' title='bbox 636 2685 841 2765; x_wconf 83' lang='lat' dir='ltr'>rectitudine,</span> <span class='ocrx_word' id='word_1_214' title='bbox 866 2684 1042 2770; x_wconf 88' lang='lat' dir='ltr'>aptitudine</span> <span class='ocrx_word' id='word_1_215' title='bbox 1064 2685 1200 2768; x_wconf 85' lang='lat' dir='ltr'>ingenii,</span> <span class='ocrx_word' id='word_1_216' title='bbox 1225 2684 1364 2768; x_wconf 83' lang='lat' dir='ltr'>proiectu</span> <span class='ocrx_word' id='word_1_217' title='bbox 1389 2685 1420 2750; x_wconf 95' lang='lat' dir='ltr'>in</span> 
     </span>
     <span class='ocr_line' id='line_1_25' title="bbox 179 2788 1421 2874; baseline 0.002 -23"><span class='ocrx_word' id='word_1_218' title='bbox 179 2789 274 2853; x_wconf 88' lang='lat' dir='ltr'>sacris</span> <span class='ocrx_word' id='word_1_219' title='bbox 297 2788 418 2866; x_wconf 88' lang='lat' dir='ltr'>studiis,</span> <span class='ocrx_word' id='word_1_220' title='bbox 443 2809 562 2854; x_wconf 93' lang='lat' dir='ltr'>morum</span> <span class='ocrx_word' id='word_1_221' title='bbox 584 2790 777 2874; x_wconf 83' lang='lat' dir='ltr'>integritate,</span> <span class='ocrx_word' id='word_1_222' title='bbox 802 2810 964 2856; x_wconf 85' lang='lat' dir='ltr'>aurorum</span> <span class='ocrx_word' id='word_1_223' title='bbox 987 2790 1214 2855; x_wconf 89' lang='lat' dir='ltr'>mundanamm</span> <span class='ocrx_word' id='word_1_224' title='bbox 1232 2791 1421 2873; x_wconf 89' lang='lat' dir='ltr'>contemptu,</span> 
     </span>
     <span class='ocr_line' id='line_1_26' title="bbox 179 2891 1422 2978; baseline 0.001 -22"><span class='ocrx_word' id='word_1_225' title='bbox 179 2911 263 2975; x_wconf 90' lang='lat' dir='ltr'>spem</span> <span class='ocrx_word' id='word_1_226' title='bbox 284 2891 416 2970; x_wconf 81' lang='lat' dir='ltr'>iaciant,</span> <span class='ocrx_word' id='word_1_227' title='bbox 446 2913 512 2958; x_wconf 87' lang='lat' dir='ltr'>sese</span> <span class='ocrx_word' id='word_1_228' title='bbox 535 2896 675 2960; x_wconf 87' lang='lat' dir='ltr'>strenuos</span> <span class='ocrx_word' id='word_1_229' title='bbox 698 2896 819 2962; x_wconf 83' lang='lat' dir='ltr'>futuros</span> <span class='ocrx_word' id='word_1_230' title='bbox 842 2896 907 2961; x_wconf 84' lang='lat' dir='ltr'>iore</span> <span class='ocrx_word' id='word_1_231' title='bbox 929 2894 1092 2978; x_wconf 78' lang='lat' dir='ltr'>Evangelii</span> <span class='ocrx_word' id='word_1_232' title='bbox 1116 2911 1298 2978; x_wconf 60' lang='lat' dir='ltr'>praeconem</span> <span class='ocrx_word' id='word_1_233' title='bbox 1330 2913 1422 2978; x_wconf 90' lang='lat' dir='ltr'>super</span> 
     </span>
     <span class='ocr_line' id='line_1_27' title="bbox 179 2997 1257 3082; baseline 0.002 -22"><span class='ocrx_word' id='word_1_234' title='bbox 179 3015 237 3078; x_wconf 91' lang='lat' dir='ltr'>quo</span> <span class='ocrx_word' id='word_1_235' title='bbox 260 2997 436 3062; x_wconf 90' lang='lat' dir='ltr'>eorumdem</span> <span class='ocrx_word' id='word_1_236' title='bbox 459 2997 655 3082; x_wconf 91' lang='lat' dir='ltr'>Superiorum</span> <span class='ocrx_word' id='word_1_237' title='bbox 676 3000 862 3065; x_wconf 88' lang='lat' dir='ltr'>conscientia</span> <span class='ocrx_word' id='word_1_238' title='bbox 887 2999 1029 3064; x_wconf 88' lang='lat' dir='ltr'>districte</span> <span class='ocrx_word' id='word_1_239' title='bbox 1051 2999 1205 3064; x_wconf 88' lang='lat' dir='ltr'>oneretur.</span> <span class='ocrx_word' id='word_1_240' title='bbox 1255 3017 1257 3021; x_wconf 76' lang='grc'><strong>’</strong></span> 
     </span>
    </p>

    <p class='ocr_par' dir='ltr' id='par_1_4' title="bbox 168 3101 1423 4127">
     <span class='ocr_line' id='line_1_28' title="bbox 282 3101 1421 3188; baseline 0.002 -22"><span class='ocrx_word' id='word_1_241' title='bbox 282 3101 368 3166; x_wconf 84' lang='lat' dir='ltr'>VIII.</span> <span class='ocrx_word' id='word_1_242' title='bbox 401 3103 471 3169; x_wconf 90' lang='lat' dir='ltr'>Non</span> <span class='ocrx_word' id='word_1_243' title='bbox 494 3121 581 3169; x_wconf 89' lang='lat' dir='ltr'>secus</span> <span class='ocrx_word' id='word_1_244' title='bbox 597 3121 632 3168; x_wconf 84' lang='lat' dir='ltr'>ac</span> <span class='ocrx_word' id='word_1_245' title='bbox 649 3103 776 3169; x_wconf 80' lang='lat' dir='ltr'>dlumni</span> <span class='ocrx_word' id='word_1_246' title='bbox 793 3103 1001 3188; x_wconf 73' lang='lat' dir='ltr'>collegiorum</span> <span class='ocrx_word' id='word_1_247' title='bbox 1017 3102 1255 3186; x_wconf 88' lang='lat' dir='ltr'>pontificiorum,</span> <span class='ocrx_word' id='word_1_248' title='bbox 1278 3103 1299 3167; x_wconf 94' lang='lat' dir='ltr'>ii</span> <span class='ocrx_word' id='word_1_249' title='bbox 1315 3121 1421 3169; x_wconf 88' lang='lat' dir='ltr'>omnes</span> 
     </span>
     <span class='ocr_line' id='line_1_29' title="bbox 178 3203 1422 3291; baseline 0.002 -22"><span class='ocrx_word' id='word_1_250' title='bbox 178 3204 231 3288; x_wconf 90' lang='lat' dir='ltr'>qui</span> <span class='ocrx_word' id='word_1_251' title='bbox 252 3203 346 3271; x_wconf 91' lang='lat' dir='ltr'>titulo</span> <span class='ocrx_word' id='word_1_252' title='bbox 368 3205 526 3272; x_wconf 79' lang='lat' dir='ltr'>MiseIcnis</span> <span class='ocrx_word' id='word_1_253' title='bbox 548 3207 630 3274; x_wconf 88' lang='lat' dir='ltr'>iuter</span> <span class='ocrx_word' id='word_1_254' title='bbox 652 3227 754 3275; x_wconf 91' lang='lat' dir='ltr'>sacros</span> <span class='ocrx_word' id='word_1_255' title='bbox 773 3209 931 3275; x_wconf 87' lang='lat' dir='ltr'>ministros</span> <span class='ocrx_word' id='word_1_256' title='bbox 954 3208 1091 3291; x_wconf 90' lang='lat' dir='ltr'>cooptari</span> <span class='ocrx_word' id='word_1_257' title='bbox 1114 3206 1256 3291; x_wconf 90' lang='lat' dir='ltr'>cupiunt,</span> <span class='ocrx_word' id='word_1_258' title='bbox 1276 3209 1422 3272; x_wconf 80' lang='lat' dir='ltr'>tenentur</span> 
     </span>
     <span class='ocr_line' id='line_1_30' title="bbox 178 3307 1422 3398; baseline 0.004 -27"><span class='ocrx_word' id='word_1_259' title='bbox 178 3307 263 3391; x_wconf 87' lang='lat' dir='ltr'>prius</span> <span class='ocrx_word' id='word_1_260' title='bbox 282 3309 494 3392; x_wconf 87' lang='lat' dir='ltr'>juramentum</span> <span class='ocrx_word' id='word_1_261' title='bbox 517 3313 670 3392; x_wconf 90' lang='lat' dir='ltr'>emittere,</span> <span class='ocrx_word' id='word_1_262' title='bbox 690 3330 750 3396; x_wconf 85' lang='lat' dir='ltr'>quo</span> <span class='ocrx_word' id='word_1_263' title='bbox 773 3314 943 3398; x_wconf 87' lang='lat' dir='ltr'>spondeant</span> <span class='ocrx_word' id='word_1_264' title='bbox 965 3313 1104 3378; x_wconf 82' lang='lat' dir='ltr'>missIoni</span> <span class='ocrx_word' id='word_1_265' title='bbox 1120 3313 1170 3378; x_wconf 90' lang='lat' dir='ltr'>cui</span> <span class='ocrx_word' id='word_1_266' title='bbox 1185 3311 1334 3377; x_wconf 85' lang='lat' dir='ltr'>destinati</span> <span class='ocrx_word' id='word_1_267' title='bbox 1349 3313 1422 3377; x_wconf 88' lang='lat' dir='ltr'>sunt</span> 
     </span>
     <span class='ocr_line' id='line_1_31' title="bbox 177 3412 1422 3501; baseline 0.003 -24"><span class='ocrx_word' id='word_1_268' title='bbox 177 3412 228 3477; x_wconf 83' lang='lat' dir='ltr'>rel</span> <span class='ocrx_word' id='word_1_269' title='bbox 250 3412 503 3494; x_wconf 86' lang='lat' dir='ltr'>destinabantur,</span> <span class='ocrx_word' id='word_1_270' title='bbox 533 3435 566 3481; x_wconf 89' lang='lat' dir='ltr'>se</span> <span class='ocrx_word' id='word_1_271' title='bbox 588 3416 652 3481; x_wconf 87' lang='lat' dir='ltr'>tore</span> <span class='ocrx_word' id='word_1_272' title='bbox 673 3419 856 3501; x_wconf 87' lang='lat' dir='ltr'>perpetuam</span> <span class='ocrx_word' id='word_1_273' title='bbox 878 3436 1001 3501; x_wconf 86' lang='lat' dir='ltr'>operam</span> <span class='ocrx_word' id='word_1_274' title='bbox 1024 3418 1169 3492; x_wconf 84' lang='lat' dir='ltr'>daturos;</span> <span class='ocrx_word' id='word_1_275' title='bbox 1192 3415 1274 3499; x_wconf 88' lang='lat' dir='ltr'>quod</span> <span class='ocrx_word' id='word_1_276' title='bbox 1296 3415 1422 3500; x_wconf 84' lang='lat' dir='ltr'>quidem</span> 
     </span>
     <span class='ocr_line' id='line_1_32' title="bbox 177 3517 1422 3604; baseline 0.002 -23"><span class='ocrx_word' id='word_1_277' title='bbox 177 3517 278 3583; x_wconf 87' lang='lat' dir='ltr'>abiis</span> <span class='ocrx_word' id='word_1_278' title='bbox 300 3519 353 3600; x_wconf 88' lang='lat' dir='ltr'>qui</span> <span class='ocrx_word' id='word_1_279' title='bbox 376 3519 549 3585; x_wconf 90' lang='lat' dir='ltr'>boctitulo</span> <span class='ocrx_word' id='word_1_280' title='bbox 578 3520 639 3585; x_wconf 90' lang='lat' dir='ltr'>lrui</span> <span class='ocrx_word' id='word_1_281' title='bbox 661 3521 784 3599; x_wconf 85' lang='lat' dir='ltr'>volunt,</span> <span class='ocrx_word' id='word_1_282' title='bbox 814 3520 845 3586; x_wconf 90' lang='lat' dir='ltr'>S.</span> <span class='ocrx_word' id='word_1_283' title='bbox 869 3521 963 3588; x_wconf 91' lang='lat' dir='ltr'>Sedes</span> <span class='ocrx_word' id='word_1_284' title='bbox 995 3523 1032 3586; x_wconf 88' lang='lat' dir='ltr'>ut</span> <span class='ocrx_word' id='word_1_285' title='bbox 1061 3520 1258 3599; x_wconf 85' lang='lat' dir='ltr'>Missionum,</span> <span class='ocrx_word' id='word_1_286' title='bbox 1290 3538 1422 3604; x_wconf 86' lang='lat' dir='ltr'>quarum</span> 
     </span>
     <span class='ocr_line' id='line_1_33' title="bbox 178 3621 1420 3710; baseline 0.003 -26"><span class='ocrx_word' id='word_1_287' title='bbox 178 3621 353 3705; x_wconf 86' lang='lat' dir='ltr'>sumptibus</span> <span class='ocrx_word' id='word_1_288' title='bbox 380 3623 429 3688; x_wconf 94' lang='lat' dir='ltr'>illi</span> <span class='ocrx_word' id='word_1_289' title='bbox 451 3625 592 3704; x_wconf 86' lang='lat' dir='ltr'>aluntur,</span> <span class='ocrx_word' id='word_1_290' title='bbox 627 3626 753 3692; x_wconf 86' lang='lat' dir='ltr'>servitio</span> <span class='ocrx_word' id='word_1_291' title='bbox 785 3627 976 3706; x_wconf 85' lang='lat' dir='ltr'>consuleret,</span> <span class='ocrx_word' id='word_1_292' title='bbox 1008 3627 1129 3710; x_wconf 84' lang='lat' dir='ltr'>exigere</span> <span class='ocrx_word' id='word_1_293' title='bbox 1151 3627 1327 3691; x_wconf 86' lang='lat' dir='ltr'>constanter</span> <span class='ocrx_word' id='word_1_294' title='bbox 1346 3643 1420 3690; x_wconf 90' lang='lat' dir='ltr'>con-</span> 
     </span>
     <span class='ocr_line' id='line_1_34' title="bbox 168 3727 1421 3812; baseline 0.002 -21"><span class='ocrx_word' id='word_1_295' title='bbox 168 3727 285 3792; x_wconf 86' lang='lat' dir='ltr'>suevit.</span> <span class='ocrx_word' id='word_1_296' title='bbox 333 3727 415 3794; x_wconf 87' lang='lat' dir='ltr'>Huic</span> <span class='ocrx_word' id='word_1_297' title='bbox 437 3727 639 3795; x_wconf 87' lang='lat' dir='ltr'>instructioni</span> <span class='ocrx_word' id='word_1_298' title='bbox 665 3731 861 3796; x_wconf 90' lang='lat' dir='ltr'>subnectitur</span> <span class='ocrx_word' id='word_1_299' title='bbox 883 3731 995 3797; x_wconf 76' lang='lat' dir='ltr'>Forma</span> <span class='ocrx_word' id='word_1_300' title='bbox 1024 3730 1115 3795; x_wconf 88' lang='lat' dir='ltr'>istius</span> <span class='ocrx_word' id='word_1_301' title='bbox 1142 3729 1312 3812; x_wconf 80' lang='lat' dir='ltr'>juramenti</span> <span class='ocrx_word' id='word_1_302' title='bbox 1338 3728 1421 3812; x_wconf 86' lang='lat' dir='ltr'>jam·</span> 
     </span>
     <span class='ocr_line' id='line_1_35' title="bbox 177 3831 1421 3919; baseline 0.002 -24"><span class='ocrx_word' id='word_1_303' title='bbox 177 3831 295 3914; x_wconf 86' lang='lat' dir='ltr'>pridem</span> <span class='ocrx_word' id='word_1_304' title='bbox 319 3833 488 3915; x_wconf 87' lang='lat' dir='ltr'>approbata</span> <span class='ocrx_word' id='word_1_305' title='bbox 511 3853 628 3918; x_wconf 90' lang='lat' dir='ltr'>usuque</span> <span class='ocrx_word' id='word_1_306' title='bbox 650 3837 789 3919; x_wconf 87' lang='lat' dir='ltr'>recepta,</span> <span class='ocrx_word' id='word_1_307' title='bbox 821 3853 948 3919; x_wconf 86' lang='lat' dir='ltr'>eamque</span> <span class='ocrx_word' id='word_1_308' title='bbox 979 3836 1018 3900; x_wconf 87' lang='lat' dir='ltr'>eb</span> <span class='ocrx_word' id='word_1_309' title='bbox 1049 3833 1191 3899; x_wconf 87' lang='lat' dir='ltr'>omnibns</span> <span class='ocrx_word' id='word_1_310' title='bbox 1213 3831 1421 3916; x_wconf 86' lang='lat' dir='ltr'>usurpandum</span> 
     </span>
     <span class='ocr_line' id='line_1_36' title="bbox 179 3937 1423 4024; baseline 0.002 -25"><span class='ocrx_word' id='word_1_311' title='bbox 179 3954 261 4014; x_wconf 88' lang='lat' dir='ltr'>esse,</span> <span class='ocrx_word' id='word_1_312' title='bbox 284 3938 320 4001; x_wconf 93' lang='lat' dir='ltr'>ut</span> <span class='ocrx_word' id='word_1_313' title='bbox 342 3937 536 4003; x_wconf 84' lang='lat' dir='ltr'>uniformitas</span> <span class='ocrx_word' id='word_1_314' title='bbox 560 3939 617 4004; x_wconf 87' lang='lat' dir='ltr'>bac</span> <span class='ocrx_word' id='word_1_315' title='bbox 641 3958 731 4024; x_wconf 87' lang='lat' dir='ltr'>super</span> <span class='ocrx_word' id='word_1_316' title='bbox 753 3943 786 4005; x_wconf 90' lang='lat' dir='ltr'>re</span> <span class='ocrx_word' id='word_1_317' title='bbox 808 3941 956 4019; x_wconf 87' lang='lat' dir='ltr'>servetur,</span> <span class='ocrx_word' id='word_1_318' title='bbox 983 3938 1107 4005; x_wconf 94' lang='lat' dir='ltr'>omnino</span> <span class='ocrx_word' id='word_1_319' title='bbox 1129 3939 1265 4022; x_wconf 85' lang='lat' dir='ltr'>praecipi</span> <span class='ocrx_word' id='word_1_320' title='bbox 1287 3938 1318 4004; x_wconf 90' lang='lat' dir='ltr'>S.</span> <span class='ocrx_word' id='word_1_321' title='bbox 1342 3937 1423 4005; x_wconf 78' lang='lat' dir='ltr'>Gon·</span> 
     </span>
     <span class='ocr_line' id='line_1_37' title="bbox 181 4041 333 4127; baseline 0.026 -22"><span class='ocrx_word' id='word_1_322' title='bbox 181 4041 333 4127; x_wconf 84' lang='lat' dir='ltr'>gregatis.</span> 
     </span>
    </p>

    <p class='ocr_par' dir='ltr' id='par_1_5' title="bbox 177 4143 1424 4545">
     <span class='ocr_line' id='line_1_38' title="bbox 281 4143 1422 4231; baseline 0.001 -21"><span class='ocrx_word' id='word_1_323' title='bbox 281 4143 336 4212; x_wconf 87' lang='lat' dir='ltr'>IX.</span> <span class='ocrx_word' id='word_1_324' title='bbox 374 4146 507 4212; x_wconf 84' lang='lat' dir='ltr'>Necesse</span> <span class='ocrx_word' id='word_1_325' title='bbox 536 4167 594 4213; x_wconf 92' lang='lat' dir='ltr'>non</span> <span class='ocrx_word' id='word_1_326' title='bbox 626 4150 689 4226; x_wconf 93' lang='lat' dir='ltr'>est,</span> <span class='ocrx_word' id='word_1_327' title='bbox 718 4150 754 4214; x_wconf 87' lang='lat' dir='ltr'>ut</span> <span class='ocrx_word' id='word_1_328' title='bbox 783 4147 838 4231; x_wconf 91' lang='lat' dir='ltr'>qui</span> <span class='ocrx_word' id='word_1_329' title='bbox 868 4148 907 4212; x_wconf 87' lang='lat' dir='ltr'>ad</span> <span class='ocrx_word' id='word_1_330' title='bbox 930 4147 984 4215; x_wconf 89' lang='lat' dir='ltr'>SS.</span> <span class='ocrx_word' id='word_1_331' title='bbox 1005 4146 1135 4213; x_wconf 88' lang='lat' dir='ltr'>Ordines</span> <span class='ocrx_word' id='word_1_332' title='bbox 1155 4148 1214 4213; x_wconf 92' lang='lat' dir='ltr'>boo</span> <span class='ocrx_word' id='word_1_333' title='bbox 1235 4146 1329 4213; x_wconf 88' lang='lat' dir='ltr'>titulo</span> <span class='ocrx_word' id='word_1_334' title='bbox 1350 4166 1422 4212; x_wconf 86' lang='lat' dir='ltr'>eve·</span> 
     </span>
     <span class='ocr_line' id='line_1_39' title="bbox 177 4249 1423 4335; baseline 0.002 -22"><span class='ocrx_word' id='word_1_335' title='bbox 177 4249 296 4315; x_wconf 84' lang='lat' dir='ltr'>bandus</span> <span class='ocrx_word' id='word_1_336' title='bbox 319 4252 384 4330; x_wconf 88' lang='lat' dir='ltr'>est,</span> <span class='ocrx_word' id='word_1_337' title='bbox 405 4251 570 4318; x_wconf 87' lang='lat' dir='ltr'>actualiter</span> <span class='ocrx_word' id='word_1_338' title='bbox 592 4251 787 4317; x_wconf 89' lang='lat' dir='ltr'>inmissione</span> <span class='ocrx_word' id='word_1_339' title='bbox 812 4253 966 4331; x_wconf 84' lang='lat' dir='ltr'>versetur,</span> <span class='ocrx_word' id='word_1_340' title='bbox 989 4252 1042 4316; x_wconf 93' lang='lat' dir='ltr'>sed</span> <span class='ocrx_word' id='word_1_341' title='bbox 1065 4251 1197 4329; x_wconf 81' lang='lat' dir='ltr'>sufficit,</span> <span class='ocrx_word' id='word_1_342' title='bbox 1229 4253 1265 4316; x_wconf 86' lang='lat' dir='ltr'>ut</span> <span class='ocrx_word' id='word_1_343' title='bbox 1294 4253 1423 4335; x_wconf 84' lang='lat' dir='ltr'>paratus</span> 
     </span>
     <span class='ocr_line' id='line_1_40' title="bbox 177 4353 1424 4441; baseline 0.002 -22"><span class='ocrx_word' id='word_1_344' title='bbox 177 4353 219 4419; x_wconf 89' lang='lat' dir='ltr'>sit</span> <span class='ocrx_word' id='word_1_345' title='bbox 242 4354 280 4420; x_wconf 89' lang='lat' dir='ltr'>ad</span> <span class='ocrx_word' id='word_1_346' title='bbox 304 4355 463 4421; x_wconf 86' lang='lat' dir='ltr'>missiones</span> <span class='ocrx_word' id='word_1_347' title='bbox 486 4357 659 4436; x_wconf 88' lang='lat' dir='ltr'>obeundas,</span> <span class='ocrx_word' id='word_1_348' title='bbox 679 4356 803 4441; x_wconf 88' lang='lat' dir='ltr'>quando</span> <span class='ocrx_word' id='word_1_349' title='bbox 825 4359 858 4422; x_wconf 90' lang='lat' dir='ltr'>et</span> <span class='ocrx_word' id='word_1_350' title='bbox 879 4357 1030 4441; x_wconf 89' lang='lat' dir='ltr'>quomodo</span> <span class='ocrx_word' id='word_1_351' title='bbox 1053 4355 1231 4440; x_wconf 91' lang='lat' dir='ltr'>Superiores</span> <span class='ocrx_word' id='word_1_352' title='bbox 1254 4376 1323 4423; x_wconf 92' lang='lat' dir='ltr'>eum</span> <span class='ocrx_word' id='word_1_353' title='bbox 1348 4357 1424 4422; x_wconf 86' lang='lat' dir='ltr'>mit-</span> 
     </span>
     <span class='ocr_line' id='line_1_41' title="bbox 177 4447 1181 4545; baseline 0.002 -20"><span class='ocrx_word' id='word_1_354' title='bbox 177 4459 305 4526; x_wconf 89' lang='lat' dir='ltr'>tendum</span> <span class='ocrx_word' id='word_1_355' title='bbox 327 4461 502 4527; x_wconf 86' lang='lat' dir='ltr'>sensuerint</span> <span class='ocrx_word' id='word_1_356' title='bbox 524 4481 559 4526; x_wconf 89' lang='lat' dir='ltr'>ac</span> <span class='ocrx_word' id='word_1_357' title='bbox 581 4462 626 4527; x_wconf 90' lang='lat' dir='ltr'>ire</span> <span class='ocrx_word' id='word_1_358' title='bbox 646 4462 786 4545; x_wconf 73' lang='lat' dir='ltr'>iubeant.</span> <span class='ocrx_word' id='word_1_359' title='bbox 933 4531 938 4543; x_wconf 63' lang='grc'>,</span> <span class='ocrx_word' id='word_1_360' title='bbox 1114 4533 1118 4543; x_wconf 59' lang='grc'>,</span> <span class='ocrx_word' id='word_1_361' title='bbox 1177 4447 1181 4456; x_wconf 74' lang='grc'><strong>’</strong></span> 
     </span>
    </p>

    <p class='ocr_par' dir='ltr' id='par_1_6' title="bbox 280 4563 1423 4652">
     <span class='ocr_line' id='line_1_42' title="bbox 280 4563 1423 4652; baseline 0 -22"><span class='ocrx_word' id='word_1_362' title='bbox 280 4563 320 4630; x_wconf 87' lang='lat' dir='ltr'>X.</span> <span class='ocrx_word' id='word_1_363' title='bbox 354 4563 419 4645; x_wconf 85' lang='lat' dir='ltr'>llis,</span> <span class='ocrx_word' id='word_1_364' title='bbox 442 4563 495 4648; x_wconf 90' lang='lat' dir='ltr'>qui</span> <span class='ocrx_word' id='word_1_365' title='bbox 517 4563 575 4630; x_wconf 92' lang='lat' dir='ltr'>hoc</span> <span class='ocrx_word' id='word_1_366' title='bbox 596 4566 692 4634; x_wconf 87' lang='lat' dir='ltr'>titulo</span> <span class='ocrx_word' id='word_1_367' title='bbox 714 4568 787 4634; x_wconf 92' lang='lat' dir='ltr'>sunt</span> <span class='ocrx_word' id='word_1_368' title='bbox 809 4565 954 4647; x_wconf 84' lang='lat' dir='ltr'>ordinati,</span> <span class='ocrx_word' id='word_1_369' title='bbox 976 4566 1007 4632; x_wconf 86' lang='lat' dir='ltr'>vi</span> <span class='ocrx_word' id='word_1_370' title='bbox 1028 4565 1173 4650; x_wconf 78' lang='lat' dir='ltr'>praestiti</span> <span class='ocrx_word' id='word_1_371' title='bbox 1188 4565 1359 4652; x_wconf 87' lang='lat' dir='ltr'>juramenti</span> <span class='ocrx_word' id='word_1_372' title='bbox 1374 4564 1423 4630; x_wconf 92' lang='lat' dir='ltr'>in-</span> 
     </span>
    </p>
   </div>
   <div class='ocr_carea' id='block_1_3' title="bbox 0 0 1584 4917">
    <p class='ocr_par' dir='ltr' id='par_1_7' title="bbox 0 0 1584 4917">
     <span class='ocr_line' id='line_1_43' title="bbox 0 0 1584 4917; baseline 0 0"><span class='ocrx_word' id='word_1_373' title='bbox 0 0 1584 4917; x_wconf 95' lang='lat' dir='ltr'> </span> 
     </span>
    </p>
   </div>
  </div>
 </body>
</html>
