3159 4917
212 161 276 229 394
319 198 348 236 υ.
367 179 566 250 Schticbttrrp,
586 177 783 250 Dreiorms'pe
802 174 923 234 Kreuae
940 178 1007 233 aad
1028 179 1188 236 Ruthcrreu
1204 181 1240 235 to
1258 177 1411 236 Goltsicra

210 355 315 420 center
337 353 567 441 frequentatum
593 352 697 419 fuisse.
747 352 850 435 Quare
878 350 985 416 eadem
1017 351 1046 418 S.
1078 350 1284 438 congregatio
1312 351 1459 418 omnihus

209 460 331 525 mature
350 459 517 542 perpensis,
541 458 660 523 ratione
683 457 792 523 habita
814 455 974 540 praefatae
993 455 1214 535 desuetudinis,
1239 475 1275 524 ne
1294 457 1327 522 in
1342 456 1457 542 pepnlo

208 562 338 629 alterius
367 563 446 628 ritus
475 560 639 626 admiratio
668 561 820 626 excitetur
841 561 873 626 ei
896 578 933 626 ue
955 560 1073 626 occasio
1093 561 1184 627 detur
1206 560 1393 646 suspiciendi
1415 561 1457 625 de

207 666 336 752 aliquali
359 664 556 750 propensione
579 664 792 730 Ruthenorum
815 682 892 750 erga
914 663 1145 745 schismaticos,
1172 664 1252 748 apud
1273 683 1349 750 quos
1371 665 1456 732 Crux

207 771 347 836 triremis
368 771 402 836 iu
423 789 481 834 usu
499 770 565 848 est,
588 787 656 834 eam
677 771 812 835 mentem
834 767 958 852 pandit,
990 770 1024 834 ut
1045 769 1165 835 seilicet
1186 770 1220 836 in
1241 770 1396 853 posterum
1418 770 1456 835 in

208 874 396 941 dioecesibus
418 873 572 939 Ruthenis
591 873 729 939 (deliciae
740 873 764 956 ¹)
787 871 920 956 amplius
941 891 1000 938 uon
1017 850 1178 963 erigentis
1194 893 1325 958 magnae
1340 873 1455 940 Cruces

207 980 351 1046 triremes
372 978 437 1043 sire
459 978 592 1063 ligneae,
615 977 680 1044 sire
700 976 872 1054 metalicae,
896 977 960 1042 sive
983 976 1122 1061 lapideae
1143 975 1176 1044 in
1199 978 1275 1044 locis
1289 979 1404 1064 apertis
1418 983 1455 1046 et

206 1082 349 1167 publicis,
371 1100 469 1167 neque
490 1100 582 1166 super
602 1079 762 1148 cacumina
781 1081 1000 1149 Ecclesiarum.
1041 1081 1090 1147 Ad
1113 1101 1223 1166 parvas
1243 1102 1314 1151 vero
1337 1084 1454 1151 Cruces

206 1187 286 1271 quod
308 1186 433 1266 attinet,
456 1186 567 1271 quihus
589 1184 697 1253 fideles
719 1187 851 1252 utuntur
872 1187 904 1251 in
928 1185 1171 1269 processionibus
1195 1187 1394 1266 solemnibus,
1416 1189 1452 1253 in

206 1292 380 1376 Baptismo,
403 1289 435 1357 S·
456 1289 692 1370 commuuione,
716 1287 997 1369 benedictionibus,
1025 1290 1057 1354 in
1086 1287 1117 1357 S.
1140 1289 1263 1356 Viatioo
1287 1291 1452 1357 deierando

206 1397 238 1460 et
261 1396 292 1460 iu
315 1394 385 1461 aliis
407 1393 587 1461 ceremoniis
605 1393 737 1461 internis
757 1391 923 1473 Ecclesiae,
946 1392 1054 1458 eadem
1074 1392 1104 1462 S.
1122 1393 1328 1480 congregatio
1342 1395 1450 1461 existi-

205 1500 271 1565 mat
293 1499 394 1584 magis
413 1497 574 1583 expediens
596 1500 630 1564 et
651 1499 757 1564 tutum
778 1497 859 1576 iore,
884 1500 920 1562 ut
940 1496 1096 1563 Ordinarii
1118 1497 1271 1579 Rutheni,
1302 1518 1371 1565 cum
1395 1518 1449 1564 oc-

203 1605 285 1669 casio
307 1604 457 1688 oportuna
479 1603 560 1688 Ipsis
579 1621 612 1667 se
634 1601 827 1686 praebuerit,
856 1599 964 1666 fideles
995 1603 1084 1668 caute
1114 1605 1146 1668 et
1168 1621 1236 1668 cum
1264 1603 1451 1671 discretione

203 1707 353 1774 inducant
374 1707 414 1773 ad
436 1707 670 1792 relinquendum
692 1706 886 1792 praedictum
908 1724 999 1771 usum
1019 1705 1126 1773 Crucis
1141 1707 1289 1788 triremis,
1314 1709 1450 1793 exceptis

202 1812 329 1879 interim
351 1813 457 1878 tamen
479 1812 619 1892 casibus,
645 1812 758 1896 quibus
780 1811 874 1878 aliter
896 1811 1090 1897 abantiquis
1112 1811 1250 1898 liturgiis
1272 1816 1304 1879 el
1323 1813 1449 1880 rituali-

202 1917 261 1984 bus
283 1915 506 2002 praesoriptum
528 1917 584 1982 est.

305 2022 392 2105 Quae
412 2021 517 2088 omnia
538 2021 612 2087 dum
634 2020 705 2087 Tibi
724 2021 825 2089 Illme,
850 2041 886 2090 ao
907 2022 1013 2088 Reme.
1039 2020 1169 2087 Domine
1191 2040 1227 2087 ex
1249 2022 1395 2090 mandato
1414 2021 1446 2090 S.

204 2124 462 2212 Congregationis
483 2125 633 2211 significo,
655 2144 727 2192 cum
748 2126 867 2195 sincero
889 2125 1093 2194 venerationis
1116 2145 1207 2191 sensu
1230 2144 1403 2212 permaneo.

305 2231 453 2310 Viennae,
479 2228 529 2295 die
554 2229 608 2295 13·
631 2229 709 2315 ldaji
730 2231 825 2299 1877.

305 2335 532 2402 Dominationis
553 2334 639 2401 Tuae
660 2335 779 2404 Ilionae.
802 2339 834 2403 et
854 2337 998 2403 Rermae.
1014 2335 1147 2404 Humus.
1164 2333 1316 2402 adssmus.
1331 2331 1446 2403 Servus

304 2439 477 2508 audoueus
491 2439 750 2526 Archioplsoopus
764 2442 1059 2524 Thessalonicensis,
1082 2442 1221 2510 Nuntius
1236 2440 1444 2526 Apostolicos.

305 2563 346 2628 II.
393 2563 547 2654 inl'olge
577 2563 631 2631 des
658 2564 769 2650 obigen
800 2567 940 2634 ilrlasses
966 2566 1039 2632 liess
1068 2565 1124 2632 das
1152 2564 1352 2631 bischolliche
1378 2563 1440 2629 Or·

199 2666 335 2734 dinariat
356 2688 381 2735 r.
405 2686 436 2752 g.
459 2687 518 2733 ron
540 2667 696 2754 Przemyil
716 2688 768 2736 am
784 2671 837 2740 30.
852 2672 921 2741 Juli
939 2671 1033 2751 1877,
1055 2671 1100 2740 ΖΙ.
1117 2669 1170 2752 95,
1192 2670 1259 2736 eine
1282 2667 1443 2736 currendo

199 2771 334 2858 ergehsn
355 2771 607 2839 nachstshenden
629 2771 785 2841 luhaltes:

301 2875 424 2944 Johanu
449 2877 486 2942 R.
509 2895 537 2944 r.
560 2875 725 2961 Stupniclui
744 2879 843 2946 durch
866 2878 975 2947 Gothos
994 2880 1163 2946 Itrbarmen
1187 2880 1250 2945 und
1274 2879 1327 2944 des
1348 2875 1442 2943 heili-

197 2999 258 3066 gen
279 2979 504 3065 apostolischen
524 2979 652 3048 Stubles
671 2981 799 3051 (inaden
821 2983 951 3051 Bischoi
963 3004 1022 3051 ron
1037 2984 1203 3072 Praemyil,
1228 2981 1357 3050 Sambon
1376 2981 1443 3047 und

196 3083 309 3165 Sanolr,
332 3105 363 3150 u.
385 3104 410 3153 s.
434 3104 471 3150 w.
494 3105 524 3154 u.
544 3105 570 3154 s.
592 3105 630 3154 w.
1313 3139 1318 3146 .

301 3190 379 3257 Deru
407 3189 622 3277 ehrudrdigen
648 3191 712 3258 und
742 3211 801 3259 rou
828 3193 894 3260 Une
923 3193 1139 3280 rielgeliebten
1167 3191 1268 3261 weit·
1291 3191 1354 3258 und
1378 3189 1440 3257 Or-

194 3293 374 3360 denshlerus
395 3294 529 3362 Unserer
552 3295 682 3364 Dibcese
700 3297 859 3365 entbieten
884 3299 953 3366 Wir
983 3297 1113 3365 Frisden
1144 3297 1205 3365 und
1236 3295 1338 3384 Segen
1366 3313 1442 3362 som

197 3399 310 3468 Herm.

298 3508 340 3574 ils
360 3508 530 3576 rerlautote
561 3510 594 3576 in
616 3529 748 3577 neueren
771 3511 896 3591 helien,
927 3508 1117 3576 namentlich
1147 3509 1178 3576 in
1210 3505 1443 3588 OstGalizien,

195 3611 266 3680 dass
289 3611 339 3678 hie
357 3612 422 3679 und
443 3613 484 3679 da
505 3615 899 3682 rutheniseh·kotholische
921 3613 1097 3698 Seelsorger
1128 3613 1220 3680 nebst
1240 3613 1442 3698 liiuidhrnng

196 3735 254 3782 von
276 3716 410 3783 anderen
438 3718 621 3784 verboteueu
651 3719 859 3804 Nenerungen
886 3718 937 3785 bei
966 3716 1189 3803 Handhabung
1213 3716 1267 3782 der
1300 3716 1439 3801 heiligen

194 3821 335 3908 hiturgie
364 3822 397 3887 in
427 3823 488 3890 den
509 3822 645 3891 Kirchen
668 3824 750 3890 heim
774 3823 1006 3891 Gottesdieuste
1027 3822 1212 3908 dreiarrnige
1233 3821 1355 3888 Kreuze
1377 3839 1441 3887 ron

152 4002 155 4004 v
193 3926 247 3993 der
269 3926 394 3993 beiden
416 3927 671 4009 orientalisehen,
701 3929 761 3994 mit
791 3929 860 3994 dem
889 3929 1026 4014 heiligen
1055 3926 1439 4011 romiseh-apostolisohen

192 4030 303 4097 Stuhle
330 4031 420 4098 nicht
447 4033 572 4100 nuirten
602 4032 719 4100 Kirche
748 4033 892 4101 ublienen
921 4032 1044 4101 (lestolt
1066 4031 1139 4120 (nuit
1161 4032 1260 4099 einem
1284 4032 1437 4117 schragen

192 4133 388 4217 Querhallsen
409 4155 469 4203 ron
491 4137 602 4223 nubo)
627 4157 665 4202 zu
687 4136 884 4223 gebraucheu
913 4137 1108 4221 angeiaugen
1135 4133 1256 4216 heheu,
1288 4135 1362 4202 dass
1391 4135 1438 4202 sie

192 4247 332 4323 grossere
353 4239 473 4306 Kreuze
495 4260 554 4307 ron
583 4241 704 4308 soleher
726 4241 850 4309 Gestalt
871 4261 912 4308 an
933 4241 1150 4317 offeutliehen,
1183 4239 1437 4307 ueltsiehtbaren

296 4379 322 4449 l)
343 4380 395 4436 Die
411 4380 558 4452 galisisehe
575 4380 911 4452 griechischkatholische
935 4381 1163 4451 Kirehenprorina
1184 4381 1295 4438 bestsht
1316 4397 1364 4436 aus
1388 4377 1437 4434 der

190 4463 435 4608 {inegrespto'olgglgluem
451 4467 641 4524 llrrbisthume
659 4468 806 4538 homberg,
823 4467 879 4524 und
898 4468 950 4524 den
966 4467 1279 4540 Suffrsganbisthlimern
1299 4469 1436 4540 Praeruyil
