3159 4917
178 163 240 228 120
326 179 477 236 Formalo
487 179 668 251 iuramenti
686 177 726 232 ab
744 179 785 234 e's'n
804 181 919 247 praem
938 179 995 248 qut
1012 178 1059 232 ts’t.
1077 179 1162 234 miss.
1180 179 1282 234 ordin.

173 351 344 436 juramenti
365 349 444 417 illud
466 352 604 435 repetere
634 351 757 429 curent,
792 349 872 415 acrio
902 347 1090 417 meditantes
1118 348 1255 415 divinam
1283 367 1359 433 arga
1387 367 1422 414 se

176 457 349 523 bonitatem
371 474 450 540 quae
473 473 525 521 eoa
547 453 711 521 constituit
735 453 829 520 Verbi
850 453 1009 520 ministros
1032 452 1072 520 ad
1095 451 1307 520 annuntianda
1326 453 1420 518 mira·

176 560 252 626 bilia
275 560 401 626 virtutis
419 577 457 626 ac
479 559 636 643 potentiae
658 577 748 635 suae;
769 577 863 642 quam
886 556 1152 624 immarcescibilis
1176 557 1294 642 gloriae
1309 576 1422 623 corona

175 666 220 732 eis
243 665 274 730 in
298 663 389 732 coelis
405 665 515 748 parata
529 663 580 742 sit,
604 662 631 728 si
646 661 782 728 officium
797 681 890 728 suum
905 663 1012 728 sancte
1027 661 1244 746 impleverint,
1266 679 1422 746 quamque

154 789 193 844 ,e
215 770 324 835 contre
344 768 521 836 districtum
545 768 671 834 maneat
693 766 854 851 judicium,
877 767 904 832 si
928 765 1121 851 negligentia
1135 766 1183 832 vel
1198 765 1339 832 socordia
1353 785 1419 846 sua,

175 873 256 959 quod
278 873 378 951 abuit,
401 890 587 956 quemquam
610 871 710 956 perire
732 870 908 954 contigerit.
952 870 989 936 ld
1011 873 1134 946 autem,
1165 888 1227 954 quo
1249 870 1421 955 promptius

176 980 209 1044 et
230 977 364 1045 alacrius
380 979 547 1062 praestent,
571 975 712 1042 noverint
727 994 751 1044 s.
769 995 809 1041 m.
827 976 918 1040 Pium
933 973 984 1042 VI.
1002 976 1034 1040 in
1050 974 1208 1041 audientia
1222 974 1285 1040 diei
1298 975 1327 1043 7.
1342 975 1421 1041 Maii

177 1082 261 1148 1775
284 1081 448 1166 unicnique
468 1081 592 1146 illorum
615 1081 785 1165 plenariam
808 1079 1049 1165 indulgentiam,
1073 1079 1237 1145 animabus
1252 1097 1373 1164 quoque
1387 1077 1420 1144 iu

176 1187 362 1273 Purgatorio
384 1185 518 1252 detentis
542 1185 775 1269 applicabilom,
806 1187 839 1250 et
861 1184 1017 1269 perpetuis
1039 1183 1207 1250 valituram
1228 1183 1419 1269 temporibus

174 1291 368 1376 impertitum
392 1289 505 1368 tuisse,
540 1308 599 1355 non
634 1289 734 1356 solum
769 1308 841 1355 cum
874 1287 1067 1372 praedictum
1090 1289 1300 1373 juramentum
1322 1287 1420 1372 primo

175 1395 345 1476 amiserint,
370 1413 476 1461 verum
499 1394 593 1460 etiam
618 1412 688 1459 cum
711 1391 789 1459 illud
814 1395 897 1458 stato
917 1393 982 1476 jam
1003 1392 1053 1458 die
1074 1392 1305 1472 renovaverint,
1329 1391 1420 1457 dum·

175 1499 265 1566 modo
286 1501 318 1566 in
342 1501 474 1583 utroque
507 1517 580 1564 casu
611 1498 830 1564 conscientiam
861 1516 950 1563 suam
979 1497 1188 1580 poenitentiae
1220 1497 1419 1563 Sacramento

175 1606 296 1689 expiare
319 1623 379 1670 nou
401 1603 566 1682 omittant,
593 1603 687 1686 atque
710 1601 948 1668 eucharisticam
971 1603 1218 1668 communionem
1238 1601 1419 1685 suscipiant,

175 1709 225 1777 vel
247 1708 364 1776 Missae
386 1707 543 1774 eelebrent
565 1705 768 1773 Sacrificium.

279 1831 397 1897 Datum
427 1831 542 1896 Romae
569 1847 606 1895 er
634 1826 773 1895 Aedibus
802 1827 907 1894 dietae
936 1826 967 1895 S.
999 1827 1256 1914 congregationis
1285 1827 1336 1893 die
1365 1828 1417 1896 27.

178 1935 297 2021 Aprilis
321 1934 416 2001 1871.

173 2168 206 2231 2.
243 2159 397 2228 Ferreolo
419 2159 604 2228 Jcramesct
624 2157 663 2226 ub
685 2157 939 2329 iizprocotondi
967 2160 1023 2242 pus·
1050 2157 1143 2227 titulo
1173 2158 1344 2226 Miseicuc'o
1364 2180 1417 2227 or·

738 2265 880 2330 iuuatur.

279 2397 358 2508 ligo
368 2422 428 2503 N.,
456 2421 555 2488 Filius
578 2419 638 2502 N.,
671 2421 827 2488 Dioeccsis
849 2421 908 2506 (cel
932 2420 1121 2506 vicariatus)
1142 2421 1200 2501 N.,
1231 2421 1365 2506 spondeo
1386 2421 1419 2487 et

171 2528 252 2614 juro,
275 2526 366 2612 quod,
390 2528 553 2612 postquam
577 2525 617 2593 ad
639 2523 748 2593 Sacros
771 2523 902 2592 Ordines
924 2527 1083 2610 promotus
1105 2525 1199 2604 fuero,
1224 2525 1342 2591 nullam
1358 2525 1418 2591 Re·

174 2631 333 2717 ligiouem,
356 2631 560 2709 Societatem,
591 2632 646 2698 aut
674 2629 954 2716 congregationem
974 2630 1167 2716 regularem,
1196 2630 1263 2696 sine
1291 2628 1418 2714 speciali

174 2734 262 2802 Sedis
285 2736 482 2820 Apostolicae
504 2735 641 2814 licemia,
665 2737 721 2800 aut
742 2733 773 2802 S.
786 2733 1043 2820 Congregationis
1058 2734 1097 2800 de
1114 2735 1318 2820 Propaganda
1332 2735 1417 2814 lide,

174 2839 341 2926 ingrediar,
363 2859 460 2925 neque
482 2839 516 2904 in
537 2858 642 2906 earum
663 2839 767 2923 aliqua
788 2838 1008 2923 professionem
1031 2839 1183 2906 emittam.

278 2962 379 3030 Voveo
408 2962 524 3047 pariter
550 2962 582 3028 et
611 2961 694 3046 juro,
729 2960 810 3045 quod
844 2962 877 3026 in
907 2961 966 3027 hac
988 2960 1128 3028 Dioocesi
1158 2962 1228 3045 (osa
1246 2961 1417 3039 vicariatu,

172 3067 255 3153 nell)
288 3067 319 3134 in
354 3066 501 3133 Missicne
532 3067 582 3131 cui
616 3065 646 3133 S.
669 3065 741 3133 Sodi
764 3065 813 3132 vel
835 3064 866 3132 S.
889 3064 1130 3150 congregationi
1153 3066 1191 3132 de
1212 3065 1418 3152 Propuganda

174 3170 248 3237 llide
271 3190 321 3238 me
343 3170 499 3238 destinare
522 3168 685 3254 placuerit)
715 3172 863 3254 perpetuo
893 3170 924 3235 in
951 3169 1064 3237 divinis
1088 3169 1344 3238 administrandis
1366 3169 1416 3236 la-

172 3277 278 3342 borem
301 3294 404 3342 meum
428 3293 464 3342 ac
487 3291 630 3361 operam,
665 3275 722 3340 sub
753 3273 929 3342 omnimoda
957 3273 1125 3342 directione
1151 3276 1183 3339 et
1203 3274 1417 3360 jurisdictione

172 3381 209 3449 R
234 3380 269 3446 P.
290 3380 327 3445 D.
349 3397 403 3464 pro
425 3381 564 3463 tempore
585 3377 762 3456 Ordinarii,
794 3397 850 3462 pro
881 3379 983 3445 salute
1012 3380 1186 3446 animarum
1219 3379 1417 3463 impendam

171 3484 368 3570 quodetiam
391 3484 573 3570 praestabo,
597 3484 638 3564 si,
662 3501 732 3548 cum
756 3481 931 3567 praedictae
953 3482 1041 3549 Sedis
1063 3483 1261 3567 Apostolicae
1280 3483 1416 3562 licentis,

171 3587 385 3674 Religionem,
417 3587 624 3668 Societatem,
662 3590 717 3655 aut
749 3586 1027 3674 congregationem
1057 3588 1231 3673 regularem
1258 3589 1418 3672 ingressus

172 3693 266 3772 tuero,
290 3695 324 3760 at
344 3692 375 3758 in
396 3712 503 3761 aarum
525 3693 630 3778 aliqua
652 3692 869 3776 professionem
892 3691 1031 3758 emisero.

277 3815 356 3882 ltem
380 3833 483 3894 voveo,
506 3817 538 3881 et
558 3815 639 3900 juro,
663 3833 712 3880 me
734 3814 928 3898 praedictum
947 3814 1171 3900 jurameutum,
1194 3816 1227 3880 et
1249 3814 1316 3899 ejus
1338 3814 1418 3881 obli·

172 3919 330 4005 gaticnem
351 3919 538 4006 intelligere,
563 3921 595 3986 et
617 3919 863 3987 observaturum.
893 3917 945 3986 Sic
966 3936 1015 3985 me
1035 3919 1118 3986 Deus
1137 3918 1265 4003 adjuvet
1289 3921 1322 3985 at
1337 3919 1417 3987 baec

172 4021 288 4092 Sancta
311 4025 369 4091 Dei
392 4025 573 4111 llvangelia.

277 4268 303 4339 1)
322 4267 422 4327 Juxta
441 4270 523 4326 bunc
540 4271 676 4326 alteram
695 4271 823 4326 modam
840 4270 950 4339 parare
963 4269 1082 4334 debent,
1099 4271 1305 4340 qainondam
1317 4271 1417 4325 relicuos⁴

173 4359 317 4417 miracul
337 4359 458 4418 addicta·
473 4355 604 4428 suomet.
