3159 4917
182 181 247 252 404
399 199 549 274 merrom
565 218 653 273 praa
672 202 861 262 cumcuma
878 205 907 260 a
918 203 947 260 o.
966 199 1011 260 ar.
1030 203 1107 260 noo.
1126 202 1210 259 noer.

183 376 331 460 cuiusque
354 373 489 442 nationis
510 395 579 461 spes
601 375 761 460 potissima
783 376 886 461 posita
911 379 970 458 est,
989 377 1062 446 stilo
1083 374 1202 444 lubrico
1225 393 1261 442 ac
1283 393 1422 441 sermono

182 479 316 565 expolito
338 480 512 547 allicientes
540 482 750 565 cormmpunt.
797 481 903 568 Neque
924 483 957 549 in
978 485 1067 551 nobis
1090 483 1156 550 eius
1178 482 1301 568 generis
1322 481 1421 565 scrip-

182 587 265 651 tores
284 583 508 665 desiderantur,
531 586 585 671 qui
607 586 802 654 literaturam
827 587 1018 654 nationalem
1039 587 1166 654 iurandi
1180 585 1319 652 studium
1336 601 1423 669 prae-

182 691 330 768 texentes,
354 689 508 755 calamum
529 691 690 774 stringunt
708 691 846 757 terribile
868 691 946 758 illud
973 691 1088 759 »vaeba
1115 690 1319 776 negligentes,
1342 687 1423 773 quod

184 793 327 859 dominus
360 795 497 860 minatus
530 798 579 862 est
616 796 751 862 »homini
785 797 851 875 illi,
884 817 938 881 per
974 817 1064 882 quem
1093 797 1272 863 scandalum
1306 795 1421 860 uenit«

183 897 310 982 (Matth.
335 897 453 965 XVIII.
478 899 523 986 7.)
559 900 633 966 Ideo
657 901 799 984 Episcopi
822 901 916 968 etiem
940 901 978 968 de
1001 902 1128 986 politica
1149 900 1254 985 populi
1277 900 1424 983 cuiusque

184 1001 285 1067 salute
308 1003 384 1070 bene
406 1005 581 1084 merentur,
612 1005 680 1070 elus
710 1005 804 1072 duces
827 1007 986 1072 monentes
1007 1006 1201 1090 potissimum
1225 1004 1355 1070 unitatis
1377 1021 1423 1069 so·

184 1104 279 1171 cialee
301 1105 428 1187 iontem,
452 1128 488 1173 er
507 1127 568 1193 quo
586 1109 650 1175 solo
674 1111 791 1176 pattoni
815 1129 888 1178 uera
910 1109 1071 1178 beatitudo
1093 1128 1129 1176 ac
1150 1108 1247 1175 animi
1271 1107 1425 1191 tranquil·

184 1210 257 1276 litae
278 1213 441 1295 promanat
463 1213 496 1278 et
517 1211 676 1290 firmatur,
704 1213 803 1279 Deum
836 1215 962 1300 eiusque
984 1216 1124 1282 sanctam
1147 1213 1318 1280 Ecclesiam
1341 1230 1423 1278 esse:

190 1316 327 1381 »Beatus
347 1316 487 1401 populns,
508 1317 597 1382 cuiue
622 1317 771 1384 Dominus
794 1319 877 1386 Deus
900 1321 995 1386 eius«
1041 1319 1106 1404 (Pe.
1130 1317 1269 1386 cxnlss.
1295 1317 1359 1402 15.)
1382 1351 1424 1366 -

188 1421 338 1487 Dominus
358 1421 465 1506 ntique
487 1423 581 1506 atque
605 1421 674 1488 Dux
695 1424 763 1489 tum
786 1424 819 1488 in
842 1424 932 1491 rebus
955 1423 1084 1509 priuatis
1098 1425 1166 1490 tum
1181 1423 1213 1488 in
1228 1421 1372 1507 publicis,
1392 1420 1424 1484 iu

187 1525 296 1603 rebus,
329 1544 410 1610 quae
442 1525 482 1591 ad
514 1525 670 1594 nationem
705 1528 848 1612 spectant
881 1528 964 1594 baud
993 1545 1081 1596 secus
1111 1529 1204 1614 atque
1233 1527 1265 1592 iu
1289 1524 1354 1592 vita
1375 1542 1426 1589 so-

187 1628 259 1692 ciali
281 1629 341 1695 oto.

291 1733 496 1813 Praeterea,
529 1754 608 1819 quae
630 1737 818 1817 monuimus,
852 1738 884 1802 et
917 1736 979 1802 alia
1006 1735 1156 1820 quaedam
1175 1755 1225 1802 res
1246 1736 1312 1814 est,
1346 1751 1426 1816 quae

187 1835 325 1902 animum
358 1837 505 1904 Nostram
539 1857 650 1925 magua
679 1840 782 1906 dolore
805 1841 913 1906 afficit.
957 1839 993 1905 In
1017 1839 1156 1924 pluribus
1179 1837 1427 1924 ephemeridibus

188 1941 325 2007 omnium
345 1942 414 2024 scra
434 1944 596 2010 notionum
617 1945 653 2009 in
677 1945 815 2028 Imperio
834 1951 940 2012 nostro
962 1945 1145 2029 depeattum,
1170 1963 1256 2010 meus
1276 1943 1426 2025 quaedem

192 2081 227 2092 -
252 2064 291 2110 ne
310 2047 446 2112 seuerius
468 2046 607 2112 dicamus
629 2085 671 2096 —
694 2069 712 2114 a
734 2048 888 2114 communi
904 2048 1041 2114 omnium
1059 2049 1196 2114 nostrum
1213 2047 1325 2131 patria,
1347 2062 1426 2129 qnae

188 2149 318 2216 dustria
340 2153 396 2230 est,
420 2151 523 2216 aliena
544 2151 652 2234 spirat,
678 2171 737 2235 qna
760 2153 815 2218 ulii
836 2152 984 2219 aliorsum
1004 2152 1180 2218 trabuntur.
1224 2151 1326 2216 Etiam
1349 2150 1427 2215 baec

188 2253 292 2319 studia
312 2255 441 2320 Austria
461 2254 589 2321 inimica
611 2255 732 2340 alioque
758 2255 919 2322 tendentia
949 2257 1015 2322 toto
1047 2256 1150 2320 animo
1185 2273 1361 2320 aversamur
1395 2257 1427 2319 et

189 2357 437 2424 condemnamus.
479 2359 601 2425 Etenim
623 2362 819 2428 sacrosancte
839 2365 886 2427 eat
910 2361 956 2426 ler
980 2359 1102 2436 diuina,
1125 2378 1202 2444 quae
1227 2359 1368 2434 mandat,
1390 2360 1426 2423 ut

188 2461 306 2527 subditi
328 2462 426 2527 simne
438 2464 656 2546 potestatibus,
679 2483 757 2548 qnae
773 2483 793 2528 a
810 2465 872 2529 [leo
887 2463 1046 2529 ordinatae
1061 2466 1143 2530 suut.
1164 2463 1266 2547 (Rom.
1281 2462 1370 2528 XIII.
1386 2460 1426 2546 l.)

189 2568 334 2651 vetatque
356 2585 411 2632 uos
431 2569 554 2635 vincula
575 2569 633 2635 illa
658 2568 842 2648 dissolvere,
873 2569 984 2654 qrribus
1014 2568 1119 2634 divina
1149 2567 1346 2634 Providentia
1375 2585 1426 2632 sn·

189 2669 358 2754 perloribus
379 2673 511 2738 saecuIIs
533 2674 659 2757 popnlos
683 2673 872 2756 principibus
894 2673 1008 2738 nexuit.
1043 2670 1258 2739 Obcdientiam
1282 2673 1313 2736 at
1335 2671 1426 2736 Iidem

189 2793 264 2860 erga
285 2775 438 2859 principes
460 2779 571 2860 cuique
593 2776 754 2845 catholico
777 2797 837 2843 nou
869 2778 1051 2862 prudentiae
1078 2775 1156 2842 ratio
1187 2774 1427 2860 (opportunitas)

190 2879 399 2960 commendat,
423 2881 476 2946 sed
497 2881 630 2947 officium
652 2881 919 2966 religIosissimum
943 2901 1010 2946 eam
1034 2880 1181 2964 imponit;
1213 2896 1310 2964 neque
1333 2897 1369 2944 ea
1392 2898 1428 2942 ex

190 2985 397 3050 nationalibus
420 2986 469 3051 vel
491 2985 624 3070 politicis
646 2986 755 3054 aliisve
777 2985 932 3052 similibus
960 2985 1147 3062 rationibus,
1177 3003 1282 3050 rernm
1306 3002 1341 3049 ex
1363 2982 1428 3048 sola

189 3106 265 3172 erga
287 3089 387 3153 Deum
408 3092 508 3173 ipsum
532 3091 704 3156 reverentia
723 3093 757 3156 et
775 3089 950 3156 obedientia
972 3088 1102 3174 pendet:
1132 3090 1209 3156 baec
1230 3090 1338 3171 cuique
1363 3086 1426 3154 Ga-

188 3191 301 3258 tbolico
321 3195 457 3277 officium
477 3195 660 3280 redipiocam
680 3201 735 3277 ecl,
758 3195 824 3260 cuis
845 3214 915 3260 eum
940 3194 1106 3280 aIIquando
1123 3212 1225 3259 coram
1244 3193 1307 3258 Deo
1323 3191 1427 3256 Iudice

188 3295 359 3362 iustissimo
380 3299 531 3364 rationem
555 3298 681 3364 reddere
703 3299 856 3383 oportebit
879 3317 937 3364 nou
961 3299 1062 3364 miuus
1084 3317 1120 3363 ac
1149 3297 1281 3362 allorum
1311 3295 1427 3361 cilicin-

190 3420 258 3465 rnm
282 3401 351 3486 lege
372 3402 478 3468 diuina
500 3403 529 3469 ei
551 3403 767 3470 iniuratorum.
815 3403 927 3488 Utique
948 3402 1111 3468 dolendum
1134 3403 1182 3467 est
1204 3400 1285 3485 quod
1308 3398 1428 3484 grauis·

189 3505 338 3571 simarum
364 3506 474 3572 barum
496 3509 663 3574 veritatum
687 3508 835 3573 memoria
858 3509 890 3572 iu
913 3507 979 3572 dies
1000 3507 1099 3591 magle
1120 3505 1320 3582 obliteratum
1347 3503 1429 3570 elcut

190 3607 272 3675 euim
295 3609 352 3690 illi,
375 3612 428 3696 qui
450 3611 590 3679 nationes
613 3613 734 3697 regunt,
757 3613 819 3677 iam
846 3612 961 3677 dudum
984 3611 1071 3678 lalsis
1094 3609 1264 3694 disciplinis
1291 3607 1429 3674 obsecuti

190 3714 289 3780 Deum
313 3717 439 3802 eiusque
461 3717 530 3782 iura
551 3737 568 3783 e
590 3716 748 3801 republica
770 3716 909 3782 exsulare
932 3715 1080 3793 lecerunt,
1104 3715 1150 3780 ita
1171 3714 1265 3780 etiam
1290 3713 1429 3778 nationes

189 3839 356 3905 earumque
376 3820 478 3900 duces,
501 3821 618 3886 malum
639 3821 763 3887 illorum
784 3820 955 3905 exemplum
971 3819 1140 3896 imitantes,
1157 3819 1255 3884 vitam
1272 3817 1428 3900 publicam

190 3943 208 3989 a
240 3925 296 3990 Dei
325 3928 358 3991 ot
391 3925 548 3991 Ecclesiae
582 3925 753 4009 praeceptis
785 3925 921 3990 alienare
956 3924 1091 3990 student.
1138 3921 1358 3987 Verumtamen
1381 3919 1430 3984 lex

189 4048 311 4113 semper
333 4030 439 4095 manet
461 4029 509 4095 len
532 4031 626 4114 atque
647 4029 764 4094 subditi
787 4028 869 4094 sicut
891 4027 1028 4111 pridem,
1058 4026 1104 4092 ita
1124 4027 1219 4092 etiam
1242 4045 1323 4090 nuuc
1345 4024 1429 4109 priu-

191 4135 312 4220 cipibne
332 4133 397 4200 suis
419 4133 599 4218 obsequium
622 4153 658 4200 ex
680 4133 830 4224 religione
853 4132 976 4198 debant.

293 4239 397 4304 Etiam
419 4239 482 4305 alia
504 4240 585 4305 ratio
606 4242 673 4320 est,
708 4239 746 4304 ob
778 4255 871 4322 quam
902 4237 933 4302 iu
966 4235 1071 4302 studia
1093 4234 1281 4319 reipublicae
1302 4231 1430 4300 inimica
1569 4234 1577 4256 ³

191 4343 316 4428 gravius
339 4344 438 4410 Nobis
460 4343 767 4409 animaduertendum
790 4359 856 4407 esse
878 4343 1044 4425 putamusr
1075 4339 1319 4406 emolumentum
1345 4335 1429 4402 ride-

190 4445 273 4524 licet,
298 4445 379 4530 qnod
401 4465 437 4513 ex
457 4447 634 4513 obedientia
655 4465 730 4532 erga
752 4445 927 4528 Principem
950 4445 1088 4512 Ecclesia
1103 4446 1135 4510 et
1150 4443 1259 4527 religIo
1277 4440 1430 4509 catholica

190 4548 330 4616 innubis
352 4551 445 4635 capit.
489 4551 691 4636 Temporibus
711 4550 803 4630 enim,
825 4549 936 4634 quibus
956 4549 1005 4615 uel
1028 4550 1059 4642 in
1082 4547 1195 4632 reguis,
1219 4565 1297 4632 quac
1312 4544 1426 4612 maiore
