3159 4917
169 223 282 280 Leonis
301 223 386 280 Xlll.
405 225 452 280 22.
470 225 539 282 Dec.
561 225 631 282 1887
649 227 894 300 orctteptsoopr's
912 235 942 285 et
962 230 1117 298 episcopia
1138 229 1302 284 Bacurius.
1344 211 1404 274 371

165 391 237 460 Sedi
261 395 456 478 Apostolicae
477 397 634 482 cumipse
656 400 860 478 intercedunt,
883 419 997 484 eaeque
1021 399 1120 485 pactis
1143 399 1302 465 conventis
1320 401 1407 467 ratae

165 503 198 563 et
219 503 369 566 sacratae.
416 501 477 567 llas
496 501 621 587 quidem
643 504 822 588 apostolica
844 503 957 581 Sedes,
989 505 1115 572 moreni
1146 505 1247 570 multo
1276 505 1314 570 de
1341 503 1407 569 iure

165 622 221 668 suo
244 603 422 686 paciscendo
446 604 607 682 remiserit,
630 608 750 692 integro
770 612 873 672 temen
890 608 1102 692 religiosaque,
1125 611 1161 674 ut
1175 609 1264 685 solet,
1287 628 1406 692 semper

165 708 313 788 eervartt;
337 709 474 792 nihilque
496 729 633 792 unquam
656 711 724 794 egit
744 711 825 798 qnod
849 730 975 777 oausam
991 713 1188 795 querelarum
1205 712 1301 776 ullam
1317 730 1406 794 prae·

165 810 258 877 beret.
294 811 488 895 Quapropter
509 814 595 880 enixe
616 815 799 898 optandum,
823 817 859 880 nt
880 817 1025 899 utrinqne
1047 819 1133 880 stent
1155 815 1318 899 utrobique
1333 835 1407 882 con·

165 917 256 979 venta
278 916 310 979 et
330 915 388 981 rite
411 917 620 994 observentur,
641 935 711 984 curn
735 919 774 984 ad
799 920 900 995 rerba,
920 923 987 986 tnm
1009 919 1111 1004 magis
1132 919 1171 983 art
1187 919 1320 984 merrtem
1336 937 1405 984 eam

163 1040 221 1104 qna
245 1021 360 1104 scripta
383 1023 464 1087 sunt.
490 1061 530 1076 -
552 1023 625 1089 l'nit
645 1024 769 1108 quidem
786 1024 962 1108 aliquando,
983 1045 1076 1107 quum
1093 1022 1285 1108 perturbatio
1301 1023 1406 1107 aliqua

163 1127 340 1190 concordiae
364 1127 396 1190 at
414 1126 608 1208 querelarum
624 1145 717 1192 cauea
732 1131 825 1194 enata
840 1130 906 1201 est;
929 1131 1102 1193 cantamen
1119 1125 1351 1193 Maximilianns
1369 1128 1405 1206 1,

163 1229 285 1295 decreto
300 1229 394 1306 iacto,
419 1229 539 1306 lanivii,
562 1230 737 1315 iterumque
762 1231 991 1297 Maximiliauus
1006 1232 1047 1296 ΙΙ.
1062 1250 1158 1315 aeque
1173 1229 1305 1315 bonique
1320 1229 1404 1308 iacit,
1421 1296 1425 1303 ,

162 1333 341 1414 opportunis
373 1333 558 1417 quibusdam
592 1335 846 1418 temperamentis
878 1335 1016 1400 sancitis.
1063 1333 1150 1399 Haec
1181 1333 1306 1416 qnidam
1337 1335 1405 1418 ipsa

162 1437 384 1501 remotioribus
406 1439 596 1520 temporibus
615 1456 683 1504 esse
704 1437 855 1524 abrogata
876 1441 1067 1521 compertum
1090 1440 1155 1503 est:
1179 1438 1277 1504 Nobis
1299 1440 1404 1503 tamen

162 1557 198 1603 ex
226 1538 371 1622 religione
402 1539 626 1624 prudentiaque
656 1540 831 1624 Principia,
865 1542 918 1626 qni
953 1540 1163 1624 gubernacula
1196 1542 1283 1605 tanat
1317 1541 1404 1624 regni

163 1643 316 1718 Bauarici,
339 1643 505 1710 admodum
528 1647 576 1710 est
599 1645 678 1728 qnod
702 1644 893 1710 confidamus
914 1645 1072 1723 tutorum,
1096 1645 1206 1728 utqui
1228 1644 1401 1712 locnmra·

162 1746 368 1832 ligionenrqna
391 1749 672 1814 Maximilianornrn
696 1751 855 1832 praeclara
878 1749 1071 1814 haereditata
1092 1747 1219 1832 excepit,
1245 1747 1321 1814 velit
1338 1749 1404 1832 ipsa

164 1853 282 1917 mature
314 1852 356 1917 rei
391 1853 564 1919 catholicae
598 1854 806 1919 incolumitati
833 1853 1019 1937 prospicere,
1053 1853 1180 1936 eiusque
1202 1852 1404 1929 incramenta,

161 1954 274 2019 amotis
307 1955 554 2039 impedimentis,
589 1959 763 2042 provehere.
810 1958 872 2041 Ipsi
907 1957 1042 2040 protecto
1076 1955 1223 2022 catholici
1254 1955 1403 2035 homines,

161 2077 238 2141 qnae
261 2063 310 2124 est
333 2079 403 2142 pars
426 2061 538 2126 civium
564 2063 712 2139 marinna,
739 2081 836 2146 eaque
858 2063 989 2126 caritate
1012 2062 1132 2144 patriae
1155 2064 1187 2125 at
1209 2060 1404 2127 observantie

159 2163 190 2226 in
214 2163 433 2246 gubernatores
455 2165 521 2229 eiua
543 2166 608 2231 ulta
632 2167 826 2232 dubitatione
854 2165 1042 2248 probabilis,
1070 2165 1097 2228 si
1126 2165 1186 2228 sibi
1211 2165 1243 2229 in
1267 2183 1300 2228 re
1321 2164 1402 2230 tanti

159 2268 306 2331 momenti
327 2269 503 2354 responderi
526 2271 558 2332 et
581 2269 724 2334 satisfieri
748 2271 899 2345 viderint,
926 2270 1064 2353 protecto
1085 2269 1236 2335 excellent
1257 2269 1402 2352 obsequio

159 2370 271 2435 attide
294 2371 441 2438 nrlrarsns
465 2371 638 2455 Principem
663 2393 767 2454 snnrn,
805 2375 1009 2440 similitudine
1044 2374 1176 2458 quadam
1208 2373 1342 2439 tiliorum
1369 2372 1401 2438 in

159 2475 298 2556 patrem,
332 2480 365 2541 et
397 2475 522 2559 singula
555 2477 621 2542 eius
647 2477 777 2544 consilia
799 2479 838 2543 ad
862 2479 950 2563 regui
973 2480 1084 2544 bonum
1107 2495 1144 2544 ac
1165 2478 1260 2543 dacos
1280 2496 1402 2543 summa

159 2577 321 2644 voluntate
342 2579 576 2662 subsequentur,
601 2581 731 2646 summis
751 2582 872 2648 viribus
891 2582 980 2666 plane
1003 2580 1172 2665 perficient.

266 2683 351 2748 llaec
372 2683 514 2766 qnidam,
552 2683 747 2750 venerabiles
772 2685 912 2764 l'ratres,
952 2685 1036 2751 robis
1065 2685 1292 2752 communicare
1319 2686 1401 2769 Apo·

158 2787 259 2853 stolioi
283 2786 377 2853 officii
400 2787 479 2853 ratio
502 2788 636 2871 impulit.
682 2787 848 2872 Superest,
879 2792 916 2855 ut
939 2789 1106 2873 Dolopem
1129 2790 1274 2856 certatim
1296 2809 1402 2856 omnes

157 2892 370 2974 imploremus,
403 2893 632 2978 precatoresqne
656 2893 692 2957 arl
718 2895 796 2960 llum
827 2893 1030 2960 adhibeamus
1053 2893 1306 2978 gloriosissimam
1332 2894 1401 2960 Vir·

157 2997 260 3080 ginem
279 2996 464 3074 Mnalntl,
490 2997 684 3083 Caelitesque
700 2999 786 3084 regni
804 2999 946 3064 Baverioi
962 3001 1116 3082 patronos,
1137 3001 1173 3063 ut
1187 2999 1401 3064 communibus

158 3100 236 3165 votis
260 3101 410 3184 benignus
437 3121 584 3180 annuens,
608 3103 777 3187 tranquilla
801 3103 968 3170 &alesiam
991 3104 1085 3168 donet
1107 3103 1262 3181 libertate,
1286 3102 1400 3186 detque

160 3204 322 3270 Bavariam
346 3205 453 3272 maiori
476 3206 508 3270 in
531 3205 596 3272 dies
620 3207 718 3290 gloria
737 3211 770 3272 et
792 3208 996 3291 prosperitate
1018 3207 1090 3274 trui.

261 3309 423 3392 Auspiearn
452 3312 557 3375 autem
585 3310 766 3378 caelestium
790 3331 971 3388 munorum,
1001 3312 1243 3394 praecipuaeque
1266 3313 1400 3380 Nostrae

156 3412 386 3480 benevolentiae
410 3415 543 3492 testem,
568 3415 776 3498 Apostolicam
800 3415 1046 3482 benedictionem
1070 3416 1175 3493 vobis,
1201 3416 1398 3483 Venerabiles

154 3517 290 3593 Fratres,
314 3517 402 3584 Claro
426 3520 597 3603 populoque
621 3519 760 3586 universo
784 3519 965 3604 vigilantiae
988 3523 1107 3586 vestrae
1135 3521 1306 3597 commisso,
1330 3540 1398 3604 per·

156 3625 297 3686 amenter
319 3623 524 3704 impertimus.

260 3741 374 3807 Datum
400 3743 513 3809 Rornae
535 3746 615 3828 apud
639 3747 669 3812 S.
696 3747 834 3822 Petrum,
858 3746 909 3811 die
931 3749 982 3815 22.
1002 3748 1181 3813 Decembris
1202 3742 1283 3813 auno
1305 3747 1398 3812 laer.

157 3845 359 3911 Pontificatum
384 3847 489 3912 Nostri
516 3847 650 3917 Decimo.

1036 3956 1100 4024 leo
1122 3955 1184 4022 PP.
1205 3954 1293 4021 Xlll.
