3159 4917
137 219 250 277 Louna
269 217 354 278 xm.
372 220 418 277 22.
440 219 510 277 Dec.
529 219 605 278 1887
623 220 866 293 arcteeptncnpn
883 225 913 279 et
931 224 1085 292 episcopia
1109 222 1277 277 Baocrine.
1316 201 1380 267 363

138 392 187 457 rel
208 391 342 458 maxime
364 393 396 456 in
417 409 507 475 opere
530 389 560 458 S.
584 390 755 474 Augustini
778 391 859 476 quod
888 393 937 456 est
962 389 1013 457 De
1034 389 1168 459 mutae
1190 390 1269 470 Dei,
1299 392 1379 474 pari-

138 499 244 581 terque
266 497 298 560 iu
318 497 448 564 muro
467 495 598 578 utraque
622 494 652 562 S.
676 494 815 562 Thomae
839 496 1026 578 equinatis:
1058 494 1169 578 quibus
1198 495 1287 560 libris
1306 514 1379 562 cou-

138 599 225 665 clusa
246 599 382 684 prolecto
405 599 557 666 habentur
580 617 791 683 quaecumque
823 602 912 665 eraut
941 618 960 664 a
989 599 1160 683 quibusque
1189 598 1381 682 sapientibus

139 705 228 770 acute
251 703 390 788 cogitata
410 704 443 768 et
463 703 631 787 disputata,
655 723 692 768 ex
714 703 813 788 iisque
835 703 911 771 licet
929 703 1033 787 capita
1056 704 1088 769 et
1111 703 1211 769 tontes
1229 720 1381 768 arcessere

139 809 205 875 eius
227 809 390 876 eminentis
413 807 568 873 doctrinae
590 827 681 891 quam
704 807 866 873 nominant
887 807 1079 892 theologiam
1102 807 1314 874 christianam.

243 913 456 997 Exemplorum
480 914 546 977 tam
570 911 737 996 insignium
764 913 913 978 memoria
938 913 1044 996 utique
1071 933 1126 996 per
1153 912 1208 977 bos
1239 911 1305 976 dios
1332 930 1382 976 re-

138 1017 282 1101 plicanda
305 1020 337 1082 et
358 1017 487 1082 lorenda
510 1019 558 1082 est
583 1017 681 1092 clero,
712 1016 833 1100 quaudo
865 1017 905 1080 ab
937 1017 1074 1082 aduersis
1107 1017 1248 1099 partibus
1278 1017 1381 1080 uetera

140 1120 254 1204 passim
277 1140 363 1186 arma
386 1123 592 1199 exacuuntur,
619 1123 723 1186 vetera
745 1121 841 1185 terme
863 1121 982 1204 praelia
1004 1123 1199 1187 renovantur.
1245 1118 1380 1185 Tantum

140 1225 212 1304 hoe,
236 1225 317 1308 quod
340 1224 414 1289 olim
435 1225 647 1308 repugnabant
671 1224 788 1290 ethnici
811 1207 998 1290 christianae
1021 1225 1184 1308 religioni,
1213 1242 1249 1289 ne
1273 1225 1313 1288 ab
1333 1224 1381 1288 in-

140 1329 287 1396 veteratis
309 1329 470 1394 numinum
499 1329 611 1394 ritibus
643 1328 858 1412 institutisque
890 1328 1131 1405 deducerentur;
1165 1346 1246 1393 nuuc
1275 1330 1380 1392 autem

139 1433 416 1517 perditissimorum
440 1432 596 1499 hominum
618 1452 709 1516 opera
731 1433 865 1516 pessime
884 1433 914 1496 in
938 1451 973 1498 eo
996 1434 1106 1511 certat,
1130 1433 1167 1497 at
1189 1434 1221 1497 et
1237 1432 1380 1497 christia·

139 1539 187 1604 nis
208 1538 329 1621 populis
353 1537 456 1602 diviua
479 1538 582 1603 omnia
605 1537 788 1604 documenta
804 1541 835 1602 et
852 1538 1087 1621 pernecessaria,
1108 1556 1187 1620 quae
1206 1555 1379 1604 saetacum

140 1640 200 1706 fide
221 1645 294 1706 scrut
317 1641 435 1720 indita,
466 1642 608 1724 stirpitus
637 1642 788 1718 evellant,
821 1643 915 1724 atque
937 1660 988 1707 eos
1010 1640 1146 1706 deterius
1167 1640 1300 1707 ethnicis
1325 1640 1381 1704 ha·

140 1746 233 1810 beent
254 1745 284 1809 iu
308 1745 524 1829 miseriamque
545 1745 709 1812 devolvunt
732 1746 917 1823 maximam,
948 1746 981 1810 iu
1010 1746 1109 1811 omnis
1140 1744 1284 1810 videlicet
1309 1743 1381 1809 fidei

141 1849 358 1934 religionisque
380 1851 588 1932 contemptum
611 1853 642 1914 et
665 1850 862 1915 eversionem.
909 1849 1005 1916 Cuius
1026 1850 1167 1932 impurae
1188 1848 1296 1932 pestis,
1319 1866 1381 1931 qua

141 1954 226 2018 nulla
249 1954 296 2018 est
317 1953 541 2029 detestabilior,
564 1953 611 2018 illi
636 1953 726 2020 initia
744 1954 854 2030 iecere,
876 1954 929 2038 qni
946 1954 1062 2020 homini
1078 1954 1255 2019 tribuerunt
1269 1954 1382 2018 natura

140 2060 279 2134 tautum,
315 2059 350 2122 ut
383 2058 421 2123 de
455 2057 594 2123 doctriua
627 2057 776 2123 diuinitus
807 2059 881 2124 data
909 2059 1162 2142 possetqoisque
1185 2057 1382 2141 pretatione

141 2162 312 2245 iudicioque
346 2180 401 2227 suo
432 2181 614 2246 cognoscere
652 2165 682 2228 et
716 2161 901 2238 decernere,
936 2163 1064 2227 minime
1098 2182 1168 2228 reru
1201 2161 1381 2228 auctoritati

139 2268 264 2332 subesse
287 2266 412 2332 deberet
433 2267 588 2332 Ecclesiae
617 2269 648 2332 et
680 2267 838 2332 Pontificis
868 2267 1007 2344 romani,
1037 2286 1165 2350 quorum
1199 2265 1289 2330 unice
1311 2268 1381 2340 est,

139 2370 243 2435 divino
266 2370 413 2434 mandato
437 2371 469 2434 et
490 2369 652 2446 ueneficio,
676 2388 743 2435 earu
767 2370 939 2435 doctrinam
963 2370 1132 2446 custodire,
1156 2387 1224 2435 eam
1247 2367 1379 2444 tradere,

140 2473 176 2537 de
198 2491 234 2538 ea
256 2473 413 2538 verissime
437 2473 582 2539 iudicare.
628 2471 703 2538 lude
727 2492 870 2557 praeceps
893 2475 944 2538 ria
971 2473 1113 2557 patebat,
1147 2473 1249 2556 patuit
1275 2475 1380 2536 autem

141 2576 204 2642 illis
226 2577 417 2656 miserrime,
450 2577 488 2642 ad
513 2579 616 2642 omnia
635 2577 802 2642 inliciendo
825 2583 858 2643 et
879 2577 1072 2644 amandanda
1094 2595 1173 2661 quae
1195 2578 1268 2642 eunt
1287 2595 1382 2672 supra

141 2685 283 2748 naturam
308 2700 409 2747 rerum
433 2685 464 2747 et
488 2684 612 2765 captum
634 2682 766 2748 hominis
790 2683 908 2766 posita:
931 2685 998 2748 tum
1016 2683 1235 2748 auctoritatem
1250 2699 1315 2746 esse
1331 2680 1380 2746 ul·

139 2787 213 2864 lom,
234 2805 312 2869 quae
335 2805 353 2850 a
376 2787 441 2852 Deo
464 2785 612 2866 dimanet,
636 2787 797 2871 ipsumque
823 2788 920 2852 Deum
943 2807 1019 2864 esse,
1042 2785 1254 2870 impudentius
1272 2805 1379 2869 perue-

140 2891 308 2974 gareruut;
333 2891 451 2974 delapsi
474 2892 627 2974 postremo
647 2892 677 2956 in
702 2896 875 2957 commenta
890 2895 922 2956 et
939 2892 1104 2958 Identismc'
1124 2891 1241 2955 insulsa
1257 2892 1290 2956 et
1303 2891 1380 2956 Mu·

139 2995 305 3060 terinltsmi
328 2994 547 3059 abiectissima.
595 2995 683 3060 Hauc
714 2999 822 3062 tamen
851 2996 1054 3060 maximarum
1079 3013 1181 3060 rerum
1204 2993 1379 3059 inclinatio·

140 3118 227 3175 nem,
250 3097 303 3181 qui
326 3098 561 3164 Rationalimce
582 3102 731 3164 uocantur
755 3100 847 3182 quire
869 3099 1107 3176 Nuturoiietoe,
1136 3098 1380 3182 progressionem

139 3201 296 3280 scientiae,
318 3203 563 3286 progressionem
585 3202 741 3269 societatis
763 3205 926 3280 humanae,
947 3204 1077 3268 mentito
1092 3203 1224 3282 nomine,
1247 3202 1381 3285 apellare

138 3325 198 3372 uon
222 3305 377 3384 dubitant,
400 3325 478 3392 quae
501 3325 607 3372 revera
630 3307 791 3391 utriusque
815 3309 964 3392 pernicies
987 3308 1035 3374 est
1053 3309 1148 3390 atque
1169 3306 1331 3372 excidium.

242 3409 368 3495 Itaque,
403 3411 600 3477 Venerabiles
623 3411 766 3490 Fratres,
796 3412 954 3495 cognitum
982 3415 1237 3496 perspectumque
1261 3411 1382 3475 habetis

138 3515 223 3598 quali
243 3517 363 3582 ratione
386 3518 417 3580 et
441 3516 490 3582 ria
513 3516 654 3583 alumnos
677 3516 835 3582 Ecclesiae
865 3516 981 3582 erudiri
1010 3517 1154 3598 oporteat
1183 3516 1221 3580 ad
1252 3515 1382 3580 maiores

140 3619 312 3698 doctrinas,
344 3623 380 3684 ut
410 3620 625 3686 convenienter
648 3622 839 3704 temporibus
860 3621 1040 3705 utiliterque
1061 3621 1093 3685 iu
1116 3619 1296 3684 muneribus
1318 3618 1383 3683 suis

140 3723 308 3787 versentur.
349 3723 391 3788 Hi
418 3723 584 3802 nimirum,
617 3727 654 3791 ut
684 3729 773 3790 eruut
795 3725 1001 3790 humanitatis
1022 3723 1142 3790 artibus
1168 3723 1328 3790 informati
1350 3726 1383 3787 et

139 3825 244 3909 politi,
275 3828 544 3910 praestantissima
578 3849 683 3895 sacrae
715 3829 891 3913 theologiae
921 3829 1086 3895 studione
1110 3828 1272 3912 attingant
1297 3826 1383 3910 prius

138 3948 232 4013 quam
247 3930 428 4016 diligentem
445 3932 645 3998 adhibuerint
661 3934 926 4016 praeparationem
940 3935 973 3998 iu
990 3933 1095 3999 studio
1106 3932 1326 4016 philosophiae.
1342 3967 1378 3978 -

139 4033 369 4117 Philosophiam
394 4055 460 4101 eam
484 4037 708 4122 intelligimus,
740 4039 885 4104 intimam
918 4039 1128 4122 solidamque,
1158 4037 1381 4104 altissimarum

137 4137 363 4224 indagatricem
389 4159 567 4220 causarum,
598 4143 757 4225 patronam
785 4144 935 4226 optimam
961 4144 1120 4218 veritatis;
1151 4142 1239 4206 euius
1267 4141 1383 4206 uirtute

139 4261 237 4326 neque
258 4244 317 4327 ipsi
339 4243 491 4311 fluctuent
515 4265 588 4312 uere
616 4247 809 4331 abripiuntur
839 4250 926 4313 omni
953 4253 1041 4313 aeuo
1070 4247 1234 4313 doctrinm
1262 4246 1299 4312 in
1326 4265 1383 4311 ue·

138 4347 241 4432 quitto
252 4348 421 4430 hominnm,
438 4352 472 4416 in
488 4353 605 4418 caladia
618 4352 661 4416 nd
676 4352 966 4419 circumventionem
976 4350 1096 4418 erroris
1107 4349 1233 4434 (aphes.
1245 4349 1302 4430 IV,
1317 4349 1383 4434 14),

138 4453 171 4518 et
193 4453 309 4538 queant
329 4456 425 4520 etiam
449 4455 598 4524 doctrinis
626 4457 735 4522 ceteris
765 4455 946 4522 adiumenta
975 4455 1115 4522 veritatis
1137 4454 1382 4533 subministrare,

138 4558 331 4642 captionibus
354 4560 591 4647 praestigiisque
614 4560 788 4645 opinionum
814 4560 960 4627 discussis
982 4565 1014 4626 et
1036 4561 1190 4627 relutatis.
1220 4559 1321 4625 Huius
1338 4559 1382 4623 rei
