3159 4917
146 217 259 276 Leonis
277 217 362 274 Xlll.
381 218 427 273 22.
447 218 516 275 Dec.
536 217 610 275 1887
629 217 871 288 archiepiscopis
888 223 918 272 ct
937 217 1091 288 episcopis
1112 215 1277 273 Booortoc
1321 197 1383 263 361

143 410 217 476 pora
242 391 380 457 Ecclesia
403 389 564 467 inciderit;
595 387 706 454 videtis
728 407 799 454 cum
822 389 1012 473 primisque
1034 408 1067 454 se
1089 388 1156 456 loco
1179 388 1314 454 habeant
1338 408 1386 453 res

145 497 275 573 vestrae,
296 498 327 560 et
349 495 461 578 quibus
484 493 662 577 vosmetipsi
683 493 923 558 difficultatibus
943 491 1173 560 condictemini.
1197 493 1278 577 Ergo
1292 492 1385 558 intel·

143 599 243 684 ligitis
265 597 461 682 experiendo,
491 617 617 662 munera
648 600 751 662 vestra
774 597 921 663 maiorem
946 616 1038 682 quam
1061 597 1195 663 antehac
1218 596 1332 661 habere
1354 597 1386 661 in

144 704 318 788 praesentia
340 702 588 786 amplitudinem,
613 701 652 765 ad
675 719 771 786 eaque
793 701 987 786 vigilantiam
1008 704 1040 766 et
1062 703 1223 779 actionem,
1244 700 1336 766 robur
1354 703 1387 766 et

144 808 338 890 prudentiam
365 807 565 873 christianam
590 807 700 871 debere
723 825 775 872 vos
795 806 914 872 enhius
935 806 1109 872 intendem.

249 909 303 1000 [2.]
345 913 391 978 hc
425 911 558 994 primum
594 910 732 976 omnium
754 910 793 974 ad
816 911 931 976 clerum
958 911 1131 994 parandum
1154 913 1187 976 et
1206 910 1387 990 ornandum,

145 1017 285 1082 auctores
309 1016 393 1082 vobis
417 1015 648 1098 hortatoresque
671 1033 786 1079 sumus.
814 1051 851 1062 -
876 1015 984 1080 Clarus
1011 1014 1158 1080 nimirum
1178 1014 1280 1081 instar
1300 1034 1386 1080 exer·

145 1121 225 1184 citus
248 1121 305 1200 est,
328 1122 391 1204 qui,
415 1119 558 1204 qnoniam
581 1119 727 1184 instituta
750 1135 807 1184 soa
829 1121 862 1185 et
883 1137 1008 1183 suornm
1031 1119 1203 1203 perfunctio
1224 1138 1386 1186 munerum

146 1224 192 1290 ita
212 1225 331 1302 lerunt,
364 1227 415 1303 ut,
445 1224 502 1289 sub
533 1223 712 1308 magisterio
738 1223 965 1306 episcoporum,
997 1242 1067 1288 cnm
1090 1224 1259 1289 christiana
1279 1223 1385 1289 multi·

145 1328 255 1394 tudine
277 1327 402 1395 assiduo
422 1328 484 1395 fere
507 1346 564 1392 usu
585 1329 741 1404 versetur,
772 1325 866 1392 decus
892 1327 1006 1392 idcirco
1028 1327 1276 1412 praesidiumque
1299 1330 1388 1394 tauto

147 1431 279 1515 amplius
302 1435 349 1498 est
370 1433 413 1498 rci
437 1432 577 1516 publicae
601 1430 764 1510 allaturus,
787 1434 904 1515 quanto
926 1435 958 1498 et
982 1451 1107 1497 numero
1129 1435 1249 1515 praeiet
1270 1434 1301 1498 et
1323 1433 1387 1497 dis-

147 1537 271 1620 ciplina.
314 1536 507 1620 Quapropter
535 1536 690 1602 Ecclesiae
722 1535 799 1601 baec
826 1536 887 1600 init
916 1555 1035 1619 semper
1066 1536 1283 1620 antiquissima
1304 1557 1388 1614 cura

149 1646 182 1706 ut
204 1641 274 1707 illos
297 1641 448 1726 deligeret
470 1642 673 1723 educeretque
704 1639 743 1704 ad
767 1640 974 1706 sacerdotium
1004 1640 1229 1720 adolescentes,
1259 1663 1389 1724 mmm

148 1745 269 1812 indoles
293 1753 320 1811 et
340 1747 483 1813 coiectas
504 1767 591 1828 sporn
613 1745 727 1826 effect
740 1766 793 1811 coe
807 1745 1027 1811 ecclesiasticis
1039 1746 1227 1811 ministris
1241 1752 1389 1828 perpetum

147 1851 354 1916 inservituros
369 1849 472 1934 (Coos.
487 1850 571 1916 Trid.
584 1849 664 1917 Sess.
678 1847 858 1925 xxl11.,de
870 1847 991 1914 reform.
1005 1867 1032 1916 c.
1044 1846 1187 1931 XVIll);
1211 1848 1387 1932 eademqne,

146 1959 183 2040 ot
202 1954 442 2021 odolesccrdicm
462 1961 550 2020 octos
582 2003 589 2018 .
613 2003 619 2017 .
644 2005 651 2019 .
682 1975 703 2017 o
725 1954 841 2020 toccrm
866 1954 962 2020 oanis
984 1951 1028 2017 od
1045 1954 1193 2034 pietatem
1215 1959 1242 2019 ct
1262 1953 1389 2036 reticio-

146 2079 216 2124 ncm
237 2061 434 2139 informetur,
464 2065 631 2141 antequam
652 2059 800 2124 sitieram
822 2057 948 2123 habitus
968 2064 1047 2124 totos
1068 2057 1209 2124 dominas
1225 2058 1388 2140 possideat

146 2160 249 2244 (Coeo.
276 2161 359 2228 Trid.
383 2163 462 2229 Sese.
488 2161 617 2238 xxssl,
641 2162 679 2226 de
694 2163 815 2226 reform.
833 2181 858 2227 c.
876 2161 1028 2242 XVlll.);
1051 2161 1126 2245 ipsis
1150 2161 1389 2245 propriassedes

147 2269 179 2331 ct
198 2267 335 2349 ephebae
356 2267 503 2343 condidit,
528 2271 622 2350 atque
643 2267 779 2350 regulas,
802 2267 832 2330 in
860 2285 946 2331 sacro
968 2266 1149 2349 praesertim
1166 2265 1301 2331 Concilio
1321 2264 1389 2330 Tri·

146 2369 272 2435 dentino
294 2370 384 2453 (lb),
416 2373 587 2454 sapientiae
616 2371 723 2453 plenas
753 2369 967 2454 praescripsit,
1002 2377 1038 2435 ct
1063 2371 1120 2436 boc
1142 2369 1304 2453 collectum
1327 2367 1390 2434 Dei

146 2473 366 2539 ministrorum
383 2481 568 2557 perpetuom
589 2474 796 2540 seminarium
818 2475 862 2539 eit
882 2474 966 2558 (lb).
1003 2474 1127 2538 hlicubi
1149 2473 1272 2557 quidem
1296 2491 1390 2556 quae·

147 2575 217 2640 dom
241 2575 323 2641 latae
347 2580 419 2643 sunt
441 2577 604 2660 valentque
627 2578 728 2660 loges,
758 2596 837 2660 quac
867 2577 914 2641 sin
942 2578 1044 2642 minus
1067 2577 1256 2661 impediunt,
1288 2577 1385 2640 inter-

146 2680 274 2746 turbant
296 2682 457 2764 quominus
480 2686 609 2765 uterque
630 2683 731 2747 clerus
753 2701 809 2747 sua
832 2683 940 2765 sponte
962 2682 1128 2760 confletur,
1159 2683 1274 2764 subque
1298 2679 1389 2746 disci·

146 2784 229 2866 plina
251 2783 444 2852 instituatur.
491 2787 556 2852 Nos
577 2787 635 2852 bac
658 2787 690 2852 in
712 2807 762 2862 re,
795 2807 874 2870 quae
904 2786 985 2851 tanti
1018 2786 1149 2852 interest
1176 2785 1284 2869 quanti
1309 2787 1389 2849 inte·

146 2907 227 2953 resse
249 2889 378 2954 maxime
401 2893 517 2974 potest,
552 2891 633 2955 sicut
665 2891 760 2968 alias,
797 2891 843 2955 ita
879 2909 959 2955 nunc
993 2891 1134 2972 oportere
1165 2889 1388 2965 existimamus,

147 2993 332 3059 sententiam
357 2993 502 3058 Nostram
527 2995 632 3078 aperte
658 2995 769 3079 eloqui,
793 2997 826 3060 et
848 2995 931 3060 omui
949 3013 1009 3078 qua
1024 3013 1185 3077 possumus
1201 2993 1321 3059 ratione
1341 2993 1390 3057 ins

148 3095 310 3172 Ecclesiae,
325 3098 466 3164 sanctum
489 3099 732 3181 inviolatumque
756 3099 900 3164 retinere.
930 3098 1084 3164 Ecclesiae
1099 3098 1255 3179 nimimm,
1278 3096 1390 3181 qnippe

147 3218 225 3284 qnae
246 3201 378 3267 societas
400 3202 442 3267 sit
464 3220 574 3286 genere
597 3221 651 3268 suo
674 3203 827 3287 perlecta,
858 3203 908 3268 ios
938 3202 1079 3268 nativum
1110 3206 1158 3267 est
1187 3203 1318 3284 cogendi
1341 3203 1389 3267 in-

147 3305 346 3390 struendique
369 3305 471 3389 copias
492 3325 581 3387 suas,
615 3308 757 3372 nocentes
788 3307 922 3384 nemini,
953 3306 1095 3389 plurimis
1126 3305 1330 3383 auxiliantes,
1358 3306 1390 3370 in

146 3409 274 3494 pacifico
303 3430 397 3496 reguo
427 3411 508 3496 qood
538 3412 632 3477 saluti
658 3410 786 3502 hnmani
808 3410 931 3495 generis
962 3411 1055 3477 deam
1078 3409 1221 3476 Christus
1242 3410 1275 3474 iu
1298 3411 1390 3475 terris

148 3515 301 3582 laudavit.

251 3618 358 3685 Oleros
381 3621 485 3685 autem
506 3620 682 3686 concredita
705 3618 765 3684 sibi
787 3618 889 3684 oihcia
910 3616 1033 3703 integre
1064 3617 1200 3700 prolecto
1226 3621 1258 3682 et
1280 3635 1390 3682 comn-

147 3719 212 3785 late
237 3721 387 3805 explebit,
420 3722 490 3800 obi,
525 3743 630 3790 curam
662 3723 812 3807 episcopis
843 3720 1082 3799 adhibentibus,
1114 3721 1212 3786 talem
1243 3739 1261 3787 e
1294 3721 1391 3786 sacris

147 3823 321 3892 seminariis
344 3826 540 3910 disciplinam
564 3827 677 3892 mentis
700 3827 857 3909 animique
879 3825 921 3890 sit
948 3827 1077 3903 nactus,
1105 3825 1229 3910 qualem
1252 3824 1390 3909 dignitas

147 3928 312 3994 sacerdotii
341 3929 502 3996 christiani
534 3933 567 3997 et
597 3933 661 4014 ipsc
694 3935 868 4014 temporum
894 3948 1076 4015 morumque
1106 3948 1214 3994 corsus
1244 3928 1391 4014 requirit;

148 4052 219 4097 eum
242 4033 362 4100 scilicet
384 4035 505 4118 oportet
526 4034 684 4100 doctrinae
707 4034 816 4112 laude,
851 4036 900 4112 et,
935 4033 1016 4117 qnod
1046 4035 1140 4117 caput
1172 4037 1239 4112 est,
1270 4052 1392 4098 summa

148 4135 239 4200 lauda
262 4138 387 4202 virtutis
410 4139 577 4217 excellere,
613 4140 649 4204 ut
670 4139 789 4204 animos
813 4138 971 4205 hominum
994 4139 1138 4204 conciliet
1160 4137 1219 4204 sibi
1243 4141 1337 4222 atque
1358 4136 1391 4203 in

147 4239 376 4305 observantiam
398 4239 541 4310 adducat.

254 4345 316 4429 [3.]
345 4344 521 4412 Christiana
543 4346 706 4430 sapientia,
730 4364 791 4430 qua
807 4345 875 4411 loce
891 4344 1024 4411 mirilica
1038 4345 1185 4426 abundat,
1206 4346 1238 4412 in
1254 4345 1389 4412 omnium

148 4449 246 4515 oculis
270 4449 369 4516 niteat
391 4469 513 4517 neccsse
535 4451 599 4530 cst,
630 4453 666 4516 ut
688 4449 825 4517 tenebris
847 4449 1048 4529 inscientiae,
1079 4469 1158 4535 quae
1179 4452 1228 4516 est
1249 4449 1391 4532 religione

147 4553 283 4620 marinna
304 4554 439 4636 inimica,
464 4554 620 4640 dispulsis,
643 4553 757 4622 veritas
780 4554 871 4640 longe
892 4554 1016 4640 lateque
1031 4573 1064 4622 se
1078 4553 1197 4640 pandat
1212 4555 1244 4622 et
1258 4552 1392 4620 feliciter
