3159 4917
152 120 215 186 360
258 135 372 232 Leonis
387 135 471 192 Xlll.
490 136 536 190 22.
559 135 626 190 Dec.
646 133 721 188 1887
740 135 984 205 archiepiscopis
1005 141 1035 191 et
1053 139 1207 206 episcopie
1227 135 1393 192 Bovarloe.

151 327 206 391 per
228 310 398 375 servarunt.
436 309 522 390 Quae
545 309 644 374 virtus
665 310 697 372 et
719 306 877 372 firmitudo
900 311 1022 391 petrum
1043 311 1214 374 vestrorum
1236 328 1271 374 eo
1294 308 1394 393 magis

151 413 356 496 praedicanda
376 417 432 486 est,
456 413 536 497 quod
559 412 686 496 populos
706 411 768 476 lere
788 430 894 477 omnes
917 431 1020 476 eorum
1045 411 1192 478 finitimos
1213 432 1290 478 ruova
1309 415 1394 478 secta

151 518 262 584 misere
285 518 469 601 subegisset.
510 517 590 582 Sane
623 515 770 594 Bararis,
805 514 858 598 qui
892 535 928 581 eo
961 519 1049 580 erant
1076 515 1217 582 luctuoso
1246 519 1393 600 tempore,

152 620 208 686 illa
242 621 380 705 apposite
414 589 646 704 congruerant,
687 619 799 703 quibus
834 618 1003 703 Gregorius
1035 620 1119 685 idem
1152 620 1193 686 ΙΙ.
1227 621 1394 686 catholicos

151 725 340 809 Thuringiae
371 725 527 800 homines,
563 743 581 790 a
608 723 639 790 S.
672 723 830 789 Bonilaoio
859 724 1030 789 christiana
1063 725 1217 808 sapientia
1249 725 1394 802 imbutos,

153 829 251 895 multo
273 833 344 894 ente
368 829 481 896 allatus
504 833 587 906 erat,
614 829 742 894 meritae
763 828 1038 894 commendationis
1060 830 1183 913 gratia,
1205 831 1237 894 in
1260 829 1394 914 quadarn

151 934 283 1017 epistola
304 933 341 998 ad
365 935 548 1017 optimates:
573 933 776 1000 insinuatum
794 933 885 998 uobis
907 935 1093 1016 magnificae
1115 934 1149 998 iu
1172 933 1299 1000 Obristo
1319 934 1396 1012 fidei

152 1043 272 1104 vestroe
293 1040 498 1104 consmutiom
520 1043 726 1122 agnoscentes,
750 1036 832 1119 quod
847 1039 991 1120 mauis
1012 1038 1269 1119 compellantibus
1283 1059 1336 1104 ooo
1352 1037 1395 1103 od

152 1141 240 1206 idolo
262 1141 408 1220 colendo,
437 1143 500 1225 fide
518 1142 615 1224 pleno
636 1140 883 1221 responderitis,
910 1143 1014 1224 magis
1041 1141 1118 1207 odie
1142 1141 1277 1222 selim
1304 1143 1395 1218 mori,

152 1267 246 1328 quom
273 1246 366 1329 fidem
389 1247 540 1313 seutella
562 1245 690 1312 Odriato
720 1253 878 1327 occeptum
906 1245 1106 1328 aliquatenus
1131 1245 1266 1328 culoru-
1296 1247 1396 1312 uimia

153 1349 340 1415 eeulmtiooe
371 1351 495 1432 repleti,
527 1352 634 1434 protis
668 1349 789 1416 debdos
815 1349 1026 1432 persolvimus
1054 1349 1122 1416 Deo
1151 1358 1257 1416 nostro
1285 1356 1314 1416 et
1342 1373 1394 1416 re·

154 1453 315 1536 demptori,
340 1455 488 1520 meorum
510 1456 647 1520 omnium
670 1453 826 1537 largitori,
848 1455 937 1519 cuites
959 1456 1065 1536 gratie
1087 1455 1261 1533 monitante,
1281 1476 1335 1521 uos
1354 1455 1397 1520 od

153 1557 284 1623 meliora
313 1565 341 1622 et
370 1561 494 1637 potiore
528 1565 670 1638 optumus
699 1559 870 1640 proficere,
906 1563 934 1622 el
964 1558 1008 1622 od
1042 1559 1293 1638 confirmandum
1322 1559 1398 1641 fida

153 1667 272 1727 vestrae
295 1663 490 1744 propositum
519 1669 645 1727 sonem
664 1661 738 1726 Sodi
761 1660 964 1742 Apostolieoe
985 1662 1141 1743 religiosis
1162 1663 1315 1728 meatibus
1336 1662 1394 1727 od·

154 1765 298 1840 bouus,
333 1772 376 1844 et,
399 1772 494 1848 proed
515 1785 592 1847 opus
609 1767 806 1848 proposuerit
825 1785 938 1830 sacrae
958 1763 1139 1847 religionis,
1172 1787 1194 1830 o
1225 1771 1397 1832 musto

154 1875 264 1936 saucio
285 1869 362 1935 Sede
381 1869 581 1951 Apostolieo,
602 1868 767 1950 spirituali
788 1871 927 1932 omnium
946 1867 1089 1950 fidelium
1110 1874 1227 1944 matre,
1250 1870 1397 1936 solutius

154 1995 312 2058 quaerere,
334 1973 416 2039 ooo
437 1972 521 2040 deod
539 1973 625 2056 filios
647 1972 832 2038 cohoeredes
853 1973 941 2055 requi
955 1971 1088 2056 orepoli
1107 1980 1249 2054 percute.
1275 1975 1344 2057 (llp.
1359 1973 1394 2037 F.

157 2077 205 2144 Ad
225 2078 390 2162 optimates
413 2075 563 2158 Thuring.
592 2112 624 2124 -
653 2075 714 2140 Cir.
736 2075 904 2151 Labbeum,
924 2074 992 2158 it).

260 2181 326 2246 litsi
349 2199 418 2246 vero
440 2180 496 2245 Dei
518 2179 690 2245 miserentis
707 2181 819 2262 gratia,
843 2199 922 2262 quae
937 2181 1093 2262 superiore
1108 2181 1257 2245 memoria
1273 2183 1395 2264 gentem

155 2288 288 2354 vestram
321 2287 427 2350 tutata
457 2287 504 2350 cst
533 2284 812 2366 benignissimeque
845 2283 1020 2366 complexa,
1052 2283 1167 2367 optime
1189 2285 1220 2348 iu
1241 2289 1397 2368 posterum

155 2394 277 2474 tempus
300 2389 467 2474 augurari,
497 2390 613 2474 optime
635 2407 757 2471 sperare
781 2388 845 2453 Nos
868 2388 971 2466 iubet,
1002 2388 1204 2453 nihilominus
1226 2408 1263 2454 ea
1284 2389 1398 2468 omnia,

155 2494 255 2580 quoad
279 2512 352 2559 suae
375 2494 522 2576 cuiusque
545 2494 619 2558 sunt
641 2497 754 2576 partes,
779 2495 934 2576 praestare
957 2493 1114 2570 debemus,
1144 2511 1223 2576 quae
1247 2493 1315 2578 plus
1338 2493 1394 2558 ha·

155 2600 250 2665 beant
271 2598 467 2664 efficacitatis
490 2597 528 2663 ad
551 2598 664 2662 damna
686 2597 845 2678 religionis
879 2597 943 2661 sire
973 2601 1100 2681 accepta
1124 2597 1301 2676 sarcienda,
1334 2598 1397 2664 sire

154 2703 348 2768 imminentia
372 2701 578 2787 prohibenda;
601 2702 646 2766 ita
670 2704 706 2765 ut
725 2700 897 2767 christiana
913 2701 1053 2766 doctrina
1066 2703 1099 2766 et
1115 2702 1259 2768 instituta
1278 2722 1396 2768 morum

154 2807 350 2873 sanctissima
380 2805 417 2872 ad
449 2805 553 2890 plures
579 2805 716 2888 quotidie
750 2825 782 2870 se
815 2805 935 2887 possint
968 2805 1125 2870 effundere
1158 2805 1397 2890 iustissimisque

154 2912 306 2976 fructibus
329 2911 424 2975 latius
447 2909 626 2975 redundare.
672 2909 759 2991 Quod
785 2928 843 2973 non
873 2928 908 2974 eo
941 2909 1092 2985 dicimus,
1127 2911 1213 2976 velot
1245 2911 1272 2974 si
1306 2930 1398 2976 cansa

155 3015 308 3081 catholiea
329 3015 454 3079 idoneos
477 3013 578 3098 magis
600 3014 786 3096 minimeque
810 3013 936 3079 timidos
964 3017 1208 3098 propugnatores
1236 3015 1316 3099 apud
1346 3033 1398 3080 ros

156 3119 362 3186 desideraret:
394 3119 486 3203 probe
512 3119 593 3184 enim
618 3118 758 3182 norimus
780 3136 851 3194 ros,
880 3117 1081 3183 venerabiles
1103 3118 1246 3197 Fratres,
1278 3122 1399 3202 unaque

154 3224 301 3290 maiorem
325 3226 356 3289 et
378 3223 530 3289 saniorem
554 3225 675 3306 partem
703 3225 769 3288 tum
801 3224 881 3287 sacri
912 3222 1028 3287 ordinis
1058 3226 1126 3288 tum
1156 3223 1315 3289 hominum
1346 3243 1397 3288 er·

156 3334 322 3406 ternorum,
346 3327 584 3412 haudquaquam
608 3328 721 3412 frigere
738 3326 836 3392 otiose
851 3327 890 3392 ad
905 3327 1075 3392 certamina
1090 3330 1123 3391 et
1138 3327 1274 3411 pericula
1289 3328 1399 3412 quibus

156 3433 293 3518 cingitur
316 3434 528 3516 premiturque
551 3431 681 3497 eeclesia
703 3432 816 3497 vestra.
862 3430 1055 3514 Quapropter
1078 3433 1159 3498 sicut
1180 3452 1239 3498 non
1263 3433 1398 3498 absimili

155 3555 248 3603 eausa
269 3537 410 3602 decessor
431 3537 544 3602 Noster
564 3536 638 3601 Pius
662 3535 733 3614 lX.,
761 3535 986 3600 amantissimis
1019 3535 1135 3600 litteris
1166 3537 1205 3601 ad
1236 3537 1399 3620 ldpiscopos

158 3641 309 3706 Barariae
332 3639 414 3704 datis
437 3639 527 3723 (titt.
548 3640 640 3705 Nibil
657 3639 757 3706 Nobis
776 3641 912 3723 gratius,
935 3639 984 3703 die
999 3639 1051 3704 20.
1070 3639 1230 3706 Februarii
1244 3661 1273 3707 a.
1291 3639 1397 3720 1851),

156 3745 315 3830 praeclara
337 3763 442 3810 eorum
465 3743 586 3823 studia,
610 3743 706 3809 sacris
730 3743 886 3809 Ecclesiae
909 3743 1081 3809 rationibus
1104 3746 1228 3810 tuendis
1250 3746 1398 3828 impensa,

157 3850 286 3916 surnmis
308 3848 451 3915 laudibus
471 3848 599 3926 ertulit;
622 3849 667 3913 ite
690 3848 876 3932 perlibenter
899 3847 964 3913 Nos
987 3848 1101 3914 instem
1125 3849 1257 3934 siugulis
1276 3849 1398 3914 leudem

158 3956 242 4021 ultro
264 3953 427 4040 palamque
448 3953 625 4031 tribuimus,
648 3955 799 4037 quotquot
819 3971 854 4018 er
875 3953 1002 4018 Bararis
1017 3953 1224 4019 defensionem
1242 3953 1399 4036 religionis

158 4061 259 4125 aritae
292 4061 492 4140 susceperunt
520 4059 642 4124 lortiter
663 4059 695 4123 et
716 4058 856 4142 egerunt.
903 4057 1036 4136 Verum,
1068 4057 1180 4140 quibus
1210 4058 1399 4140 temporibus

157 4162 444 4247 providentissimus
473 4163 554 4228 Deus
585 4161 755 4227 Ecclesiam
786 4180 875 4226 suam
902 4163 1002 4226 saeris
1023 4161 1167 4245 procellis
1189 4163 1304 4246 agitari
1327 4181 1396 4245 per-

157 4266 277 4345 mittit,
307 4268 437 4332 acriores
459 4267 524 4352 ipse
547 4285 566 4332 a
588 4266 676 4331 nobis
698 4266 818 4330 animos
842 4265 982 4348 viresqne
1005 4266 1036 4330 in
1060 4266 1208 4331 auxilium
1231 4266 1399 4350 paratiores

156 4369 273 4454 optimo
303 4371 369 4436 iure
400 4371 546 4455 deposcit.
603 4371 663 4436 Vos
692 4372 798 4436 autem
826 4370 865 4434 ad
893 4389 1006 4448 unum,
1039 4369 1236 4437 venerabiles
1268 4371 1400 4446 Fratres,

158 4494 254 4557 aeque
278 4475 313 4539 ut
333 4475 407 4552 Nos,
431 4475 570 4541 dolenter
592 4473 703 4541 videtis
725 4493 818 4560 quam
840 4474 942 4540 aliena
965 4476 1113 4559 atquem
1137 4476 1242 4560 iniqua
1265 4477 1297 4540 in
1319 4477 1398 4541 tem·
