3159 4917
178 189 239 256 122
282 205 353 278 Syra.
370 223 459 279 prora.
478 209 597 266 Westm.
612 209 630 264 l
634 207 666 264 V.
679 210 716 264 de
728 211 796 265 ord.
809 214 905 264 scrut.
917 213 953 264 irc
964 210 1034 280 clip.
1048 209 1215 265 commend.
1229 209 1271 264 ed
1284 211 1418 280 episcop.

365 382 401 448 4⁰
426 381 552 469 ›Stplus
574 381 749 466 scriptionis
771 382 814 448 sit
843 382 983 448 dlversus
1012 381 1052 447 ab
1080 399 1116 448 eo
1145 401 1205 465 quo
1235 382 1336 447 utitur
1365 401 1419 447 cr-

266 485 403 552 »dinarie
424 487 451 551 is
474 488 527 571 qui
548 486 730 572 suffragium
754 487 844 555 lert«
891 485 1033 571 (Archiv,
1056 486 1078 551 l.
1102 488 1153 568 c).

281 590 351 655 vn.
386 589 561 678 >Suffragia
586 643 592 657 .
618 643 624 656 .
650 643 658 658 .
683 645 690 659 .
714 612 732 657 a
754 591 857 657 tribus
879 592 1104 659 scrutatoribus
1122 592 1155 656 in
1171 589 1260 658 inihio
1275 589 1420 656 sessionis

181 694 306 762 »electis
331 696 551 779 excipientur«
596 695 738 780 (Archiv,
761 697 781 762 l.
806 695 857 783 a).

368 801 434 884 Ego
455 801 495 867 N.
520 801 693 867 Canonicus
715 801 755 868 N.
778 800 928 885 spondeo,
952 819 1044 867 voveo
1066 802 1098 867 et
1119 801 1190 885 juro
1211 819 1262 865 me
1283 799 1419 865 efficium

263 905 445 970 scrutatoris
467 905 602 971 fideliter
625 906 836 990 expleturum
859 906 904 972 sic
926 925 976 970 me
998 905 1093 984 Deus,
1116 907 1176 971 etc.

281 1009 368 1074 VIII.
402 1009 533 1076 »Tribus
557 1009 674 1077 vicibus
697 1010 847 1094 suffragia
871 1010 1010 1076 serantur
1032 1010 1113 1076 circa
1128 1027 1273 1094 personas
1288 1008 1420 1076 Sanctae

182 1111 272 1180 »Seli
294 1113 391 1180 veluti
414 1114 569 1198 digniores
592 1114 881 1180 commendandas«
928 1114 1069 1197 (Archiv,
1094 1116 1118 1180 t.
1141 1115 1193 1179 52.
1218 1134 1247 1198 p.
1268 1112 1358 1198 436).

282 1218 337 1284 ΙΧ.
375 1218 429 1284 »In
451 1220 551 1303 primo
575 1219 732 1303 suffragio,
755 1219 872 1304 singuli
896 1219 1090 1285 adnotabant
1113 1237 1221 1284 nomen
1244 1219 1330 1283 illins
1352 1238 1420 1301 per-

182 1341 293 1388 ›sonae
315 1324 559 1403 ecclesiasticae,
591 1323 742 1408 quemad
767 1323 872 1388 sedem
896 1326 1056 1389 vacentem
1081 1324 1182 1407 magis
1204 1323 1346 1390 idoneam
1368 1323 1421 1407 ju·

182 1427 401 1494 »dicaverint«
437 1428 577 1510 (Arcva,
600 1431 623 1495 4.
647 1429 699 1494 52.
724 1448 752 1511 p.
776 1429 864 1512 427).
912 1427 1018 1509 »Quod
1042 1429 1068 1492 si
1091 1428 1123 1492 in
1143 1428 1242 1511 prImo
1262 1427 1420 1505 scrutinio,

183 1532 305 1597 »nullus
329 1533 422 1598 luerit
438 1535 598 1598 assecrrtus
612 1537 763 1617 mojorem
778 1554 952 1613 numerum
975 1533 1090 1598 iterum
1109 1533 1258 1618 suffragia
1272 1532 1420 1609 ferantur,

184 1636 393 1720 »usquedum
417 1657 496 1704 unus
519 1637 613 1702 luerit
635 1637 724 1702 illum
748 1639 935 1702 assecutus«
983 1637 1123 1722 (Archiv,
1146 1638 1167 1703 l.
1191 1640 1244 1719 c).

283 1741 321 1806 X.
360 1741 448 1807 >Hac
467 1742 585 1807 ratione
608 1741 831 1824 procedendum
855 1741 931 1819 erit,
960 1742 999 1806 ad
1023 1742 1269 1826 designationem
1292 1741 1422 1806 alterius

184 1847 235 1911 »et
257 1845 341 1911 tertii
367 1846 553 1912 candidati«
578 1846 718 1930 (Archiv,
741 1847 763 1913 l.
788 1848 839 1930 c).
865 1844 917 1910 »Si
941 1847 972 1911 ln
994 1845 1099 1931 aliqua
1122 1866 1157 1912 ex
1175 1847 1277 1912 tribus
1291 1845 1420 1924 vicibus,

185 1949 233 2014 »in
256 1950 391 2016 favorem
413 1950 529 2016 nulllus
552 1950 656 2016 adsint
677 1951 826 2034 suffragia
849 1953 897 2017 tot
919 1970 1046 2017 numero
1074 1970 1153 2035 quac
1180 1951 1330 2017 excedant
1355 1969 1423 2016 ma·

184 2053 298 2138 ‚iorem
321 2057 440 2138 partem
467 2074 592 2132 vocum,
617 2058 706 2120 actus
730 2055 845 2120 nullius
869 2056 1017 2121 momenti
1040 2056 1170 2135 existat,
1194 2059 1287 2139 atque
1308 2055 1422 2121 iterum

184 2159 351 2242 ‚suffragia
374 2159 541 2224 ferantur«
589 2159 727 2244 (Archiv,
751 2162 774 2226 t.
800 2161 852 2226 52.
875 2180 905 2243 p.
929 2159 1018 2242 436).

285 2263 340 2330 XI.
374 2264 437 2328 »hx
461 2265 688 2347 comparatione
708 2263 945 2350 suffragiorum,
977 2265 1093 2329 scietur
1122 2263 1147 2328 si
1181 2265 1250 2347 quis
1280 2263 1425 2329 habuerib

184 2368 333 2433 »totidem
358 2368 507 2452 suffragia
528 2369 587 2434 sibi
608 2369 810 2446 favorabilia,
845 2370 921 2451 quot
953 2369 1104 2434 excedunt
1137 2367 1334 2434 medietatem
1358 2368 1424 2432 suf·

185 2471 390 2557 magiarum,
425 2476 491 2538 tam
519 2473 726 2557 praesentium
753 2492 845 2556 quam
869 2474 1041 2539 absentium
1065 2493 1119 2557 per
1141 2475 1352 2556 procuratores
1374 2491 1423 2536 rs·

185 2579 469 2660 commentatorum,
502 2595 562 2644 non
588 2596 659 2644 vero
683 2577 857 2644 absentium
878 2578 993 2662 absque
1013 2580 1240 2661 procuratore«
1285 2577 1423 2661 (Archiv,

182 2681 202 2744 l.
227 2699 252 2748 c.
276 2702 304 2764 p.
328 2681 415 2766 427).

285 2785 358 2852 XII.
396 2787 587 2852 >Publicolis
608 2789 677 2870 post
700 2787 860 2871 quodlibet
883 2788 1068 2854 scrutinium
1090 2786 1274 2866 nominibus,
1298 2787 1424 2852 combu-

185 2892 314 2956 »rantur
335 2890 402 2973 ipsa
424 2891 603 2976 suffragia<
651 2893 789 2976 (Arcth,
814 2893 834 2956 l.
855 2892 907 2976 c).
1299 2890 1302 2894 ’

285 2995 373 3061 XIII.
407 2995 500 3060 »Tria
523 2997 647 3061 nemina
668 2997 862 3078 alphabetico
892 2995 998 3062 ordine
1027 2995 1182 3081 descripta
1212 2995 1316 3081 (sint),
1346 3014 1426 3081 quaa

184 3097 234 3164 »in
257 3098 388 3183 singulis
411 3099 620 3167 rotationibus
646 3101 794 3184 majorem
818 3101 1036 3184 suffragiorum
1061 3102 1180 3184 partem
1203 3101 1422 3168 obtinuerim«

182 3203 322 3286 (Archiv,
345 3204 368 3270 t.
393 3204 444 3268 52.
468 3225 497 3287 p.
521 3205 609 3289 436).

284 3308 368 3373 XIV.
416 3309 482 3373 »De
517 3309 600 3374 hisce
633 3309 774 3375 omuibus
812 3309 1054 3375 instrumentum
1089 3310 1144 3374 liet
1179 3309 1227 3374 his
1264 3309 1426 3375 terminis:

184 3413 342 3480 »Vacante
363 3413 488 3497 propter
509 3413 637 3493 obitum,
662 3417 720 3482 etc.
766 3414 907 3494 (Archiv,
929 3416 954 3479 t.
979 3414 1033 3479 52.
1057 3434 1086 3496 p.
1110 3413 1197 3497 428).

284 3516 352 3584 XV.
402 3517 521 3585 »Actus
558 3519 739 3604 capitularis
777 3520 838 3584 rite
882 3517 1057 3601 descriptus
1099 3520 1193 3602 atque
1232 3518 1425 3604 obsignatus,

185 3622 463 3687 »transmittendus
486 3623 545 3688 erit
566 3623 604 3688 ad
631 3623 934 3707 Archiepncopum.‹
981 3621 1123 3703 (Archiv,
1143 3624 1167 3688 t.
1193 3624 1245 3690 52.
1266 3641 1296 3706 p.
1318 3622 1406 3706 436).

283 3725 369 3794 XVI.
407 3727 500 3792 ’Tria
522 3747 594 3793 varo
615 3727 754 3811 exempla
778 3727 959 3792 authentica
973 3727 1062 3806 fiant,
1085 3746 1215 3811 qnorum
1233 3746 1328 3791 unum
1344 3726 1426 3808 apud

184 3831 374 3912 »capitulum
398 3833 590 3910 asservetur,
619 3832 752 3897 alterum
776 3831 858 3915 apud
883 3831 1173 3914 ArchIepiseopum,
1205 3831 1332 3896 tertium
1357 3849 1428 3895 roro

184 3935 241 3999 »ab
266 3935 502 4019 Archiepiscopc
526 3935 564 4001 ad
587 3935 617 4002 S.
643 3935 740 4020 Oong.
762 3936 801 4000 ds
824 3934 1030 4020 Propaganda
1055 3935 1129 4001 lide
1158 3934 1423 4001 transmittatur«

181 4035 323 4118 (Archiv,
347 4041 371 4105 t.
396 4041 447 4104 52.
472 4059 502 4123 p.
526 4040 613 4124 428).

284 4142 385 4212 XVII.
427 4143 563 4210 Tandem
589 4145 622 4209 in
650 4142 741 4210 Cone.
767 4143 821 4210 lv.
845 4144 935 4212 Pror.
961 4145 1104 4220 Westm,
1149 4142 1298 4228 (Archiv,
1328 4144 1351 4207 4.
1373 4143 1426 4208 58.

182 4267 211 4329 p.
235 4246 297 4311 237
320 4247 380 4332 sq.)
403 4248 557 4342 habentur
578 4249 717 4314 notiones
740 4249 772 4316 et
787 4249 983 4332 quaestiones
999 4247 1081 4314 circa
1096 4247 1274 4332 qualitates,
1298 4249 1369 4326 etc,
1392 4247 1425 4312 in

181 4352 432 4418 commendandis
462 4353 500 4417 ad
536 4353 747 4438 episcopatum
778 4355 988 4421 necessarus:
1023 4370 1167 4436 responsa
1195 4355 1367 4436 opportuna
1393 4356 1427 4419 et

182 4457 354 4522 necessaria
383 4457 542 4523 commode
572 4459 690 4543 exquiri
722 4461 852 4542 possunt
880 4478 899 4523 a
921 4458 1101 4542 Praeposito
1123 4460 1155 4523 et
1175 4476 1235 4522 unc
1258 4457 1307 4522 vel
1329 4456 1427 4523 altero

185 4560 369 4643 Oapitulari,
392 4561 423 4627 iu
443 4562 693 4628 informationem
715 4564 936 4646 episcoporum.
