3159 4917
199 167 259 236 170
348 185 453 250 liaeus,
473 185 583 241 Oratio
602 183 970 244 eorumconsectaria
989 185 1017 241 d.
1035 182 1080 240 ²12
1100 183 1183 239 Mart
1200 181 1287 239 1870.
1323 235 1326 239 .

194 356 387 445 dogmaticas
411 354 554 442 Gregorii
577 355 662 422 XVI.
687 358 718 421 et
743 355 790 422 Pii
814 354 870 420 IX.
887 374 954 420 uon
976 355 1173 422 obstantibus
1202 357 1249 420 tob
1277 357 1310 423 et
1338 355 1438 421 tantis

100 537 101 540 Ἴ
195 464 401 529 &manorum
428 460 607 545 pontificum
635 459 870 526 solemnioribus
900 459 1053 536 decretis,
1088 444 1288 525 nihilominus
1318 459 1438 525 animos

195 565 411 633 nonnullorum
434 563 663 630 Catholicorum
688 566 889 647 pervaserunt
912 563 944 629 et
967 563 1070 629 adhuc
1091 562 1289 647 pervadunt?
1320 562 1437 630 Norma

195 691 230 737 eo
249 669 331 754 qnod
352 668 428 754 ipsis
451 687 630 752 persuasum
653 667 723 746 fuit,
748 667 922 734 Romanum
944 666 1119 750 pontificem
1142 685 1200 733 uon
1224 685 1290 732 esse
1314 664 1432 732 infalli-

194 775 287 844 bilem
312 774 344 838 in
365 774 456 838 rebus
479 771 552 838 fidei
574 774 606 838 et
627 791 747 836 morum
770 769 993 836 diiudicandis!
1040 771 1086 835 lln
1107 770 1187 837 ratio
1216 770 1355 848 occulta,
1385 770 1434 836 rel

194 880 289 946 etiarn
312 877 467 944 interdum
492 878 595 961 palam
620 876 740 960 prolata
762 875 897 960 ipsorum
914 875 1120 960 repugnantia
1134 893 1209 960 erga
1228 875 1433 942 ministerium

194 982 281 1048 Petri
303 981 335 1047 in
356 982 423 1066 ejus
445 979 670 1047 successoribus
693 997 835 1063 perenne.
882 979 927 1044 lin
951 980 1128 1062 praetextus
1147 998 1208 1062 quo
1230 979 1276 1046 vis
1299 981 1333 1044 ct
1353 981 1434 1045 actio

193 1103 404 1170 supremorum
429 1083 619 1149 decretorum
642 1083 834 1167 effugiuntur
857 1084 912 1150 aut
933 1081 1164 1166 infringuntur,
1194 1083 1300 1167 sicque
1322 1089 1434 1166 repunt

193 1207 321 1267 errores,
342 1188 484 1272 quamvis
506 1188 598 1254 toties
620 1205 639 1252 a
662 1187 807 1253 Romame
827 1185 1024 1271 pontificibus
1047 1186 1189 1265 damnati
1212 1188 1337 1255 tuerint.

297 1293 373 1359 Heri
396 1291 564 1359 Reverend.
589 1290 846 1375 Archiepisoopns
869 1291 1052 1356 Perisiensis
1081 1310 1141 1356 nou
1169 1288 1234 1356 sine
1261 1291 1362 1375 specie
1388 1291 1432 1358 rei

193 1395 399 1474 asseveravit,
428 1394 589 1480 Syllaburn
612 1396 697 1464 verbi
721 1395 826 1479 gratia
847 1394 976 1461 minime
996 1394 1211 1477 impedivisse,
1234 1395 1307 1478 quin
1329 1397 1433 1480 plures

193 1503 225 1567 iu
248 1521 302 1568 suo
324 1519 425 1566 errore
445 1499 645 1582 perstiterint.
681 1498 768 1582 Quod
788 1499 905 1564 factum
930 1517 991 1566 non
1013 1499 1142 1582 negabo.
1173 1497 1234 1564 Sed
1257 1517 1355 1565 nounte
1377 1500 1432 1565 hoc

193 1606 329 1690 praecise
351 1603 423 1669 inde
445 1603 566 1680 creuit,
589 1603 670 1686 quod
693 1603 766 1686 ipsis
789 1602 820 1667 in
844 1603 955 1668 falsam
978 1602 1152 1681 opinionem
1174 1603 1335 1681 abductis,
1359 1623 1429 1686 per·

192 1725 318 1774 suasum
349 1707 459 1785 luent,
496 1707 669 1771 Romanurn
705 1707 887 1774 Pontificem
910 1725 971 1772 uon
993 1725 1060 1774 esse
1083 1706 1279 1773 infallibilem
1303 1706 1432 1791 ideoque

193 1810 426 1896 denegationem
447 1829 589 1876 assensus
611 1811 659 1875 sui
682 1811 742 1875 sibi
763 1811 869 1889 licere,
900 1811 1072 1894 usquedum
1093 1810 1265 1877 Concilium
1288 1813 1431 1895 generale

192 1916 230 1982 de
262 1915 372 1982 iisdem
406 1915 497 1982 rebus
524 1913 721 1999 judicaverit
766 1913 799 1981 Si
830 1916 907 1979 tunc
936 1915 1003 1999 jam
1036 1914 1236 1980 saluberrime
1269 1915 1430 1981 delinitum

192 2021 317 2100 luisset,
350 2019 508 2086 Vicarium
532 2017 650 2084 Christi
672 2019 704 2084 in
729 2019 820 2085 rebus
839 2017 912 2083 fidei
934 2019 967 2084 et
988 2036 1106 2084 morum
1130 2017 1306 2086 decidendis
1328 2038 1430 2085 errare

191 2145 251 2191 nen
273 2143 375 2208 posse,
408 2123 524 2190 talibus
545 2119 687 2207 effugiis,
723 2123 805 2188 iuter
832 2122 999 2188 catholicos
1023 2123 1135 2190 saltem
1168 2123 1248 2189 teres
1270 2127 1428 2207 porterum

190 2231 409 2312 semi-apertae
432 2227 571 2292 occlusae
594 2226 739 2304 lumsent,
763 2229 797 2292 et
818 2225 962 2312 Syllabus
981 2227 1147 2310 pleniorem
1170 2244 1261 2292 suum
1285 2227 1428 2303 eflectum

191 2332 362 2398 certissime
384 2331 578 2397 obtinuisset.

292 2435 450 2518 Quomodo
473 2453 546 2518 ergo
566 2433 717 2500 aliirmari
737 2435 849 2517 potest,
871 2433 1080 2500 definitionem
1103 2434 1339 2500 infallibilitetis
1354 2451 1428 2516 pon·

190 2540 305 2607 tificiae
326 2542 411 2606 reete
433 2539 591 2605 Ecclesiae
613 2537 756 2622 regimini
779 2557 845 2604 esse
868 2538 1029 2614 inutilem,
1060 2558 1129 2605 cum
1160 2539 1344 2606 recentiores
1367 2539 1428 2604 lin·

189 2645 323 2732 cyclicae
346 2642 539 2727 dogmaticae
562 2642 653 2707 robur
675 2659 763 2707 suum
787 2644 820 2707 et
843 2642 986 2708 ellectum
1010 2642 1124 2725 partim
1148 2661 1208 2708 non
1225 2643 1427 2721 obtinuerint,

188 2748 225 2814 ob
250 2748 330 2813 hanc
354 2747 489 2832 praecise
513 2764 649 2824 causam,
671 2746 751 2830 quod
774 2747 876 2830 plures
899 2746 1155 2813 intellibilitatem
1179 2748 1351 2831 praelatam
1373 2766 1427 2812 ne-

188 2851 364 2938 germain
387 2869 487 2917 ermre
509 2869 564 2916 sno
589 2868 765 2934 permanere
788 2851 915 2916 minime
939 2849 1105 2918 dubitent?

293 2955 466 3021 Deduistur
484 2972 558 3040 ergo
580 2954 693 3038 absque
713 2954 858 3037 umbone,
891 2955 927 3019 ut
948 2954 1151 3022 intolerandis
1173 2956 1296 3041 effugiis
1318 2958 1350 3022 iu
1372 2976 1425 3040 po·

187 3062 304 3125 storum
326 3061 553 3142 praecaveatur,
574 3061 605 3126 et
628 3059 715 3126 nulla
730 3077 873 3125 assensus
892 3060 1052 3142 suspensio
1068 3061 1171 3127 locum
1188 3061 1301 3128 habere
1317 3063 1424 3146 possit,

187 3162 307 3246 quoties
330 3181 365 3228 ex
389 3161 547 3230 Outlcedrc
569 3161 657 3230 Petri
679 3181 735 3228 vox
754 3163 876 3228 Domini
900 3163 1077 3229 intonuerit.
1118 3172 1121 3176 “

291 3267 340 3357 llr
356 3266 533 3349 praemissis
553 3267 651 3349 petet,
674 3266 884 3332 definitionem
907 3267 1145 3335 intullibilitatis
1168 3269 1344 3353 pontificiae
1358 3289 1425 3336 esse

293 3371 326 3434 1⁰
344 3391 406 3452 pro
428 3371 569 3438 comibus
590 3390 660 3437 sere
681 3377 709 3438 ct
729 3372 850 3438 smccre
876 3373 1039 3440 catholicis
1062 3377 1175 3458 mum
1199 3375 1355 3457 secatione
1378 3381 1425 3442 to-

185 3474 326 3554 lerabile,
825 3519 827 3523 «

289 3581 324 3644 2⁰
346 3599 415 3644 eum
437 3577 515 3646 bono
535 3579 677 3664 penculi
698 3579 862 3648 Ecclesiae
881 3581 974 3648 valde
988 3583 1200 3664 praedarum,

288 3684 324 3748 3⁰
339 3699 399 3764 par
420 3703 489 3750 eom
509 3689 626 3750 recem
648 3683 809 3750 Eccteem
829 3685 968 3768 reposca
989 3687 1152 3753 mseocri
1173 3686 1377 3753 crodmari.

288 3785 480 3872 Quapropter
501 3805 569 3853 eam
588 3789 655 3854 tote
677 3787 767 3852 corde
789 3789 897 3872 exopto
914 3807 950 3854 ae
963 3788 1121 3875 suffragiis
1138 3791 1257 3872 uestris,
1279 3789 1425 3859 liminen-

183 3891 323 4061 tigisiunito
327 3892 359 3956 et
387 3891 461 3957 Rev.
494 3891 618 3970 Patres,
651 3890 874 3976 obsignandum
910 3892 1071 3960 humiliter
1101 3895 1246 3980 deprecor
1275 3895 1424 3962 etenira

184 4015 201 4060 e
238 4013 289 4080 agr
324 4045 333 4063 .

649 4173 958 4184 -ῄ-
