3159 4917
175 165 236 236 166
320 139 425 250 Roesr,
445 181 554 240 Orotfo
573 183 640 240 tab.
660 185 697 238 ta
717 180 1262 239 Conciti'nla‘c.d.21.dfata'1870.

172 377 257 423 mum
281 353 420 422 Ecclesia
441 353 545 421 locuta
561 353 664 432 merit,
689 353 816 423 eradent
831 352 1089 421 infallibilitatem
1106 353 1237 420 Romani
1252 353 1412 422 Pontificio

172 461 278 528 eodem
300 459 471 544 modoque
494 477 576 525 nunc
598 457 960 542 creduntpraesentiam
980 459 1112 537 realem,
1133 458 1412 526 transsubstantia-

171 566 297 642 tionem,
320 563 508 630 Trinitatem
531 564 563 628 et
585 567 688 629 cetera
711 561 883 648 Religionis
907 563 1068 650 Mysterin,
1090 581 1170 646 quae
1185 562 1304 629 creditu
1319 564 1410 648 louge

170 669 346 734 difficiliora
377 669 459 734 suut.
501 666 616 733 Sinon
644 669 718 732 sunt
747 667 921 746 llatholici,
952 667 1104 752 quomodo
1133 666 1278 732 catholini
1308 669 1408 734 vocari

170 775 321 858 possunt?
365 771 445 838 Saue
469 790 529 837 nou
551 770 677 838 madent
699 770 958 838 infallibilitatem
983 771 1113 837 Romani
1137 771 1297 838 Pontificis
1317 772 1409 837 sicuti

171 897 230 944 uon
253 877 382 944 credunt
404 874 660 942 infallibilitatem
685 875 858 954 llcclesiao,
882 875 976 942 sicuti
998 893 1058 942 non
1082 875 1211 942 credunt
1234 876 1410 962 inspiratio·

171 1002 241 1049 nom
264 999 421 1049 sacrarum
438 979 676 1064 Scripturamm.
707 979 810 1064 Hujus
833 980 950 1046 farinae
973 979 1119 1046 catholini
1135 979 1220 1046 nullo
1242 980 1332 1048 modo
1356 999 1411 1047 nos

170 1086 356 1172 impediunt,
385 1084 548 1170 quominus
578 1083 659 1150 rotis
690 1085 723 1150 et
752 1083 914 1151 desideriis
942 1083 1078 1150 uirorum
1108 1083 1245 1170 apprime
1275 1085 1408 1152 catholi-

172 1209 277 1259 corum
300 1189 537 1256 satisfaciamus.

274 1291 344 1373 Sed,
368 1293 451 1360 dicet
467 1293 589 1377 aliquis,
612 1296 685 1358 sunt
701 1292 754 1358 isti
770 1291 911 1359 homines
925 1291 1040 1358 infirmi
1055 1293 1087 1358 in
1103 1292 1173 1372 fide,
1195 1293 1324 1377 ideoque
1339 1312 1409 1360 cum

172 1399 301 1465 cautelis
323 1401 355 1464 et
377 1396 504 1482 provida
526 1397 718 1482 benignoque
742 1397 949 1462 moderamine
965 1397 1132 1464 tractandi.
1155 1397 1239 1466 histo.
1259 1399 1321 1464 llos
1336 1417 1410 1482 ergo

170 1503 358 1582 docebimus,
380 1503 462 1568 sicut
483 1501 554 1567 illos
577 1501 753 1568 edocuimus
774 1501 845 1584 post
865 1501 1075 1568 definitionem
1098 1501 1322 1569 Immaculatae
1336 1522 1407 1570 con·

170 1607 320 1692 captionis
344 1609 459 1674 Beatae
484 1605 630 1690 Virginis.
679 1605 738 1672 Res
774 1606 851 1690 ipsis
885 1605 967 1671 hreni
999 1606 1075 1672 bene
1096 1610 1256 1691 perspecta
1278 1609 1311 1672 et
1331 1607 1410 1674 alias

169 1712 371 1778 tractationes
393 1729 470 1795 quas
491 1711 592 1793 pletas
615 1712 646 1776 et
669 1710 857 1793 experientia
877 1709 1042 1793 pastoralis
1068 1711 1177 1794 optimi
1208 1711 1304 1777 nostri
1334 1711 1409 1778 cleri

169 1814 354 1901 parochialis
384 1815 415 1880 iu
446 1816 548 1880 lucem
570 1814 660 1880 edere
682 1833 740 1880 non
765 1814 1011 1898 perorastinabit.
1056 1814 1090 1881 Si
1120 1817 1316 1882 cunctaturos
1337 1819 1410 1880 sunt

169 1921 248 1986 bona
270 1919 341 1998 fide,
365 1937 415 1986 eos
437 1919 630 1986 remittimus
650 1917 688 1984 ad
712 1918 848 2002 gratiam
874 1919 940 1998 Dei,
968 1920 1022 2004 qui
1045 1937 1099 2004 pro
1122 1938 1178 1985 aaa
1198 1920 1410 1987 misericordia

168 2023 349 2109 providebit.
395 2023 558 2090 catholica
578 2023 695 2088 interea
718 2023 820 2107 opinio
843 2023 982 2106 publica,
1013 2042 1074 2089 nou
1103 2023 1246 2108 repositis
1276 2025 1356 2091 rotis
1377 2026 1411 2089 et

167 2129 310 2219 precibus
332 2128 486 2193 monebit:
520 2127 582 2194 Hic
604 2127 693 2212 niger
715 2129 779 2205 cst,
804 2127 886 2193 hunc
908 2129 944 2194 tu
968 2128 1102 2195 Romane
1122 2132 1239 2195 casoto.
1287 2127 1407 2217 [Horat

167 2233 260 2301 datin.
273 2233 298 2299 L
311 2233 341 2298 4.
355 2231 422 2318 85].
446 2231 554 2298 Timeo
575 2231 675 2308 valde,
700 2231 945 2298 Eminentissimi
960 2234 992 2299 et
1008 2231 1263 2299 &rotundissimi
1288 2235 1406 2311 Patres,

169 2357 206 2404 ne
230 2338 312 2403 iuter
333 2337 410 2404 istos
433 2337 478 2402 sic
497 2335 595 2402 dictos
611 2334 786 2402 Catholicos
803 2336 894 2401 multi
910 2338 1110 2402 numerentur
1124 2337 1177 2422 qni
1192 2339 1339 2404 catholici
1352 2358 1405 2404 no·

166 2444 251 2510 miae
272 2443 395 2508 tautum
413 2441 513 2507 vocari
527 2442 644 2507 curent.
669 2441 729 2506 Pro
749 2441 798 2504 his
814 2459 887 2506 saue
904 2439 1044 2506 delinitio
1058 2441 1293 2507 infallibilitatis
1306 2442 1407 2526 ponti·

168 2545 254 2612 liciae
269 2545 329 2612 erit
341 2545 450 2630 iugum
466 2543 669 2624 intolerabile,
694 2546 775 2611 sicut
790 2564 844 2628 pro
858 2544 967 2611 iisdem
986 2546 1109 2611 fuerunt
1124 2547 1157 2610 st
1171 2549 1244 2611 sunt
1260 2547 1405 2612 intolera-

166 2650 241 2717 bilia
266 2652 341 2734 iuga
370 2649 450 2716 aliae
474 2648 668 2715 definitiones
690 2651 722 2714 et
745 2649 912 2727 veritates,
934 2669 953 2715 a
974 2650 1085 2734 quihus
1107 2650 1292 2728 abhorrent,
1313 2649 1407 2716 sicuti

165 2755 258 2820 multi
282 2755 449 2820 abhorrent
471 2772 532 2820 uon
553 2755 677 2819 tanturn
700 2773 718 2819 a
739 2755 933 2831 revelatione,
954 2753 1123 2820 sedetiam
1148 2755 1407 2822 aconsuetudine

165 2877 272 2926 sensus
288 2857 467 2925 communis.
490 2857 572 2941 Quid
583 2857 678 2924 iude?
700 2857 732 2923 Si
747 2859 881 2942 ipsorum
895 2858 974 2923 sotis
987 2878 1121 2923 annuere
1132 2859 1291 2936 vellemus,
1303 2858 1404 2923 oleum

166 2965 197 3029 et
214 2981 305 3046 opera
319 2962 525 3047 perderemus,
547 2967 579 3028 et
597 2961 712 3028 inlecta
732 2982 775 3040 re,
798 2963 909 3045 palorc,
933 2981 1044 3046 pavore
1059 2964 1091 3028 et
1106 2965 1220 3047 pudore
1235 2963 1350 3046 perfusi
1365 2963 1404 3028 ad

165 3085 275 3152 greges
305 3065 376 3132 fidei
406 3067 527 3131 nostrae
550 3067 728 3132 commissos
750 3065 927 3150 despectum
949 3067 988 3132 iri
1012 3069 1245 3136 reverteremur.
1288 3067 1403 3134 Omnia

163 3190 243 3254 quae
266 3171 317 3236 hic
332 3171 478 3256 aguntur,
500 3169 683 3235 adversariis
698 3173 730 3235 et
745 3189 847 3235 rerum
863 3171 1084 3237 catholicarum
1103 3171 1214 3236 nesciis
1230 3172 1403 3255 displicent.

164 3273 331 3359 Displicuit
352 3275 396 3340 eis
418 3274 594 3340 convocatio
617 3271 756 3352 Concilii,
787 3274 953 3358 displicent
980 3275 1204 3341 declarationes
1227 3280 1350 3342 nostrae
1371 3280 1403 3341 et

163 3379 372 3446 anathemata.
416 3377 519 3445 Unum
542 3381 573 3445 et
595 3380 720 3446 unicum
743 3378 820 3463 ipsis
840 3379 994 3446 accideret
1021 3379 1179 3446 silentium
1208 3382 1347 3446 nostrum
1370 3382 1403 3445 et

163 3484 325 3550 consilium
348 3483 490 3549 abeundi.

265 3589 334 3654 Non
357 3587 457 3653 dicam
481 3587 519 3653 de
542 3586 718 3653 istiusmodi
741 3588 815 3653 uiris
839 3588 956 3654 unllam
987 3588 1113 3654 omnino
1140 3588 1228 3655 nobis
1251 3589 1400 3655 rationem

163 3691 336 3758 habendam
373 3711 457 3769 csse,
499 3691 552 3758 sed
596 3691 776 3776 praeprimis
820 3691 908 3757 nobis
944 3692 1114 3758 curandum
1152 3696 1217 3771 cst,
1255 3694 1293 3760 dc
1328 3693 1401 3758 viris
1434 3706 1437 3712 ⁴

161 3795 323 3864 catholicis
345 3796 398 3880 qui
421 3795 512 3862 fidem
532 3795 716 3862 catholicam
741 3815 791 3862 ore
814 3799 847 3862 et
877 3815 967 3880 opere
996 3796 1161 3864 absolvunt
1194 3799 1226 3865 et
1257 3795 1331 3863 hnic
1364 3795 1401 3863 de

161 3901 300 3987 subjecto
331 3900 566 3966 infallibilitatis
596 3901 741 3967 subortae
781 3900 1006 3966 controversiae
1042 3900 1134 3968 linem
1166 3903 1284 3986 imponi
1315 3919 1399 3967 sum·

162 4025 283 4090 mopere
305 4007 460 4090 exoptant,
481 4005 536 4070 sed
559 4005 720 4090 praecipua
744 4005 920 4072 sollicitudo
943 4005 1029 4071 nobis
1050 4007 1202 4072 incumbit
1224 4007 1262 4074 de
1284 4006 1401 4090 optimo

162 4113 265 4177 nostro
295 4107 389 4189 clero,
417 4109 487 4194 qui,
514 4109 675 4194 perpaucis
699 4109 833 4194 exceptis
862 4110 1088 4191 sacerdotibus,
1118 4130 1192 4178 suae
1214 4111 1400 4178 condicionis

160 4215 391 4281 immemorlbus
413 4217 444 4279 et
468 4231 546 4280 vana
568 4213 698 4280 scientia
720 4213 853 4293 ludatis,
877 4215 945 4297 qui,
970 4216 1111 4300 inquam,
1134 4217 1345 4300 pientissimus
1368 4219 1401 4282 et

159 4317 438 4401 experientissimus
461 4317 569 4384 (llerus
591 4319 677 4385 totus
699 4317 731 4383 iu
752 4337 787 4384 eo
812 4322 878 4398 est,
908 4321 988 4403 quod
1017 4321 1196 4386 solemniter
1224 4321 1399 4386 declaretur

160 4423 375 4508 praerogativa
396 4423 567 4489 inerrantia
590 4421 707 4489 Christi
732 4423 859 4501 vicarii,
883 4443 936 4508 pro
959 4423 1079 4492 Christi
1100 4424 1254 4510 loquentis
1276 4427 1310 4490 ct
1331 4425 1399 4490 vin-

158 4525 302 4596 dicantis.
346 4525 389 4594 Hi
418 4528 492 4594 sunt
520 4545 590 4594 aare
626 4527 684 4594 dlii
718 4527 891 4611 Ecclesiae,
926 4528 1035 4598 horum
1057 4529 1248 4599 exaudienda
1269 4532 1318 4597 est
1339 4527 1398 4594 hu·
