3159 4917
311 249 416 318 saera,
435 251 544 310 crasso
564 251 630 310 aab.
650 257 685 310 οι
710 253 825 311 concas.
844 252 940 310 vata.
959 255 987 311 o.
1005 255 1049 310 ar.
1067 253 1150 312 mass
1168 255 1254 311 raro.
1339 237 1401 304 163

161 425 323 510 praecipue
346 425 448 490 antem
470 426 578 494 diebus
600 426 783 508 novissimis,
810 426 848 492 de
871 427 963 492 rebus
985 425 1042 493 Dei
1064 429 1097 493 et
1118 427 1273 494 Ecclesiae
1294 447 1400 494 omues

162 528 274 614 ubique
296 530 413 595 animos
435 532 604 596 moverunt.

264 633 312 699 Ne
334 633 521 700 fluctuantes
542 634 797 702 circumferamur
819 635 903 702 omni
927 638 1017 702 rento
1039 634 1208 715 deciduae,
1229 635 1400 702 Concilium

161 737 303 820 generale
324 737 521 817 Vaticanum,
545 739 684 804 adinstar
703 738 953 826 praecedentium
968 740 1232 806 oecumenicorum
1248 740 1400 820 coemam,

160 860 212 905 ura
236 842 321 907 Petri
335 859 354 907 a
370 841 493 912 Christe
510 845 710 909 murceatnm
726 845 783 923 est,
808 844 844 909 ut
859 844 1016 927 opiniones
1032 863 1068 910 ac
1083 844 1254 910 sententias
1269 844 1402 911 antebac

161 945 256 1010 libere
279 945 443 1027 discussas,
466 947 632 1014 dilucidius
655 949 809 1014 examinet
831 949 864 1015 et
886 949 1064 1016 inconcusse
1081 951 1165 1014 stare
1182 948 1288 1028 faciat,
1308 967 1401 1015 noros

161 1067 277 1116 errores
299 1052 386 1116 notet
409 1051 619 1136 profligstque,
644 1052 790 1118 veritates
806 1052 992 1118 christianas
1006 1052 1120 1119 iterum
1136 1052 1311 1138 iterumque
1328 1072 1399 1119 con·

161 1153 263 1220 firmet
284 1173 320 1222 ac
343 1155 499 1221 doctrinas
522 1157 672 1222 revelatas
696 1156 854 1240 hucusque
877 1159 1030 1241 acceptas,
1050 1156 1104 1223 sed
1120 1157 1254 1235 nondum
1271 1158 1400 1224 tulmiae

160 1257 244 1324 coelo
277 1259 397 1344 arrepto
431 1259 631 1327 collustratus
664 1264 697 1326 et
730 1261 910 1327 solemniter
943 1262 1170 1346 proclamatus,
1204 1262 1401 1328 monumento

160 1381 255 1429 aeneo
276 1363 426 1442 stabiliat
450 1383 487 1430 ac
508 1366 592 1430 omni
610 1364 731 1431 errandi
749 1363 915 1430 formidine
929 1369 1057 1445 remota,
1081 1366 1255 1432 nmenaione
1270 1384 1399 1449 snspen-

160 1467 227 1533 sira
247 1467 361 1546 ablate,
385 1487 570 1554 recursuque
593 1469 738 1545 abscisso,
762 1468 892 1534 definiat
915 1471 1008 1552 utque
1034 1469 1181 1536 aetarnet.

263 1569 526 1654 Quemadmodum
548 1573 686 1638 Ecclesia
711 1572 827 1638 Christi
849 1591 906 1638 sua
929 1574 1047 1658 gaudet
1067 1573 1207 1653 historia,
1236 1573 1281 1639 ita
1303 1573 1401 1656 qnod·

159 1675 235 1740 libet
256 1675 369 1760 dogma
390 1675 462 1741 fidei
486 1696 542 1742 sna
560 1677 656 1743 habet
676 1676 878 1761 biograpbica
896 1678 1106 1758 monumenta,
1128 1681 1161 1744 et
1179 1697 1279 1756 snam,
1301 1676 1329 1742 si
1351 1677 1399 1742 di-

159 1798 226 1846 cere
250 1779 340 1858 licet,
368 1781 546 1848 canonicam
569 1783 662 1865 atque
685 1781 895 1866 dogmaticam
925 1782 1154 1848 institutionem
1177 1784 1209 1848 st
1231 1781 1399 1849 solemnem

160 1883 439 1954 Oanouiaationern.
462 1885 550 1967 Quod
573 1885 718 1966 Nicaeae,
739 1886 820 1970 quod
842 1885 966 1970 Ephesi,
990 1887 1071 1970 qnod
1094 1886 1296 1967 Chalcedone,
1320 1885 1400 1953 (lon-

159 1989 359 2072 stantinupoli
391 1991 424 2056 et
450 1989 526 2055 alibi
556 1992 658 2055 actum
680 1993 747 2067 est,
783 1991 834 2054 bic
868 2009 1107 2057 commemorare
1140 2009 1399 2075 supervacaneum

159 2093 238 2177 foret
259 2111 344 2177 opus.
390 2093 425 2158 In
448 2093 583 2159 omnium
608 2096 712 2161 creet
735 2094 826 2160 corde
850 2097 1000 2172 versatur,
1022 2095 1104 2178 quod
1126 2095 1163 2161 de
1184 2095 1399 2160 sanctissimae

158 2199 190 2263 et
212 2196 431 2264 immaculatas
450 2197 590 2284 Virginis
610 2198 729 2264 Mariae
752 2198 947 2282 privilegius
962 2198 1095 2265 saeculis
1111 2199 1143 2264 in
1159 2201 1300 2265 omnibus
1315 2199 1397 2264 orbis

157 2300 322 2368 christiani
344 2301 485 2386 partibus
508 2303 716 2382 conclamato,
746 2303 784 2367 ad
815 2301 847 2369 S.
871 2303 998 2368 Petrum
1022 2303 1194 2387 nuperrime
1216 2322 1234 2369 a
1256 2301 1396 2369 Sanctis·

158 2405 235 2471 simo
257 2404 352 2472 Patre
374 2405 430 2472 Pio
451 2405 507 2473 IX.
532 2407 744 2491 praesentibus
767 2408 801 2472 et
821 2407 1062 2474 assentientibus
1080 2407 1259 2492 quingentis
1274 2407 1398 2491 Episco-

158 2509 205 2594 pis
228 2511 384 2576 decretum
409 2512 502 2594 atque
523 2509 687 2576 definitum
712 2513 768 2576 est.
944 2508 947 2515 ’

260 2614 363 2681 Ηοοοο
384 2613 497 2699 dogma
519 2614 683 2681 statuendo
705 2615 814 2680 tritam
837 2633 891 2698 per
905 2614 1029 2680 saecula
1044 2615 1125 2681 mam
1143 2614 1281 2680 Ecclesia
1295 2615 1395 2692 inivit,

158 2719 191 2784 et
210 2718 290 2803 qnod
313 2721 404 2784 antea
425 2717 523 2784 libere
545 2719 577 2784 et
600 2717 818 2786 uniuersaliter
839 2719 992 2785 creditum
1018 2720 1135 2798 inerat,
1164 2719 1292 2803 posthac
1321 2717 1398 2804 dog·

157 2824 270 2890 matice
283 2822 402 2908 fideque
414 2822 520 2890 diviua
531 2825 563 2888 et
574 2822 728 2890 catholica
740 2821 926 2890 credendum
937 2822 1163 2907 imponebatur.
1178 2823 1398 2889 Acclamaruut

157 2946 263 2994 omnes
278 2927 512 3008 Gbrietifldsles,
537 2928 642 2994 coacte
658 2928 714 2994 ant
729 2929 894 3012 spontaneo
912 2946 966 2993 ora
979 2929 1154 3006 tennerunt,
1178 2927 1226 2993 rel
1243 2929 1398 2993 incassum

157 3032 350 3098 fremuerunt
370 3031 526 3112 infideles,
549 3031 680 3118 falsique
703 3033 914 3112 mactatores,
938 3050 993 3098 nec
1011 3050 1146 3116 unquam
1162 3031 1313 3110 emortui,
1344 3050 1399 3096 nec

157 3153 292 3221 unquam
314 3135 468 3215 morituri,
492 3137 524 3202 at
545 3137 591 3202 sic
613 3135 690 3201 dieti
708 3135 868 3203 liberiores
886 3139 919 3202 et
934 3136 1096 3215 doctiores,
1117 3135 1171 3221 qni
1193 3138 1343 3220 negantes
1365 3155 1398 3202 se

159 3239 334 3306 habuerant
352 3241 407 3306 aut
430 3239 609 3306 dubitanter
632 3241 805 3321 haeserant,
828 3241 934 3306 mirati
956 3241 1039 3320 sunt
1060 3259 1094 3306 ss
1113 3259 1180 3308 esse
1201 3241 1369 3306 credentes.

261 3341 487 3430 Praerogatiua
509 3345 713 3411 lnerrorrtice
736 3345 876 3412 Itoorcaa'
899 3344 1075 3429 Pontificis,
1106 3364 1185 3428 quae
1216 3345 1398 3411 discussioni

159 3449 191 3514 et
211 3447 328 3533 jndicio
350 3451 454 3516 nostro
473 3449 661 3534 proponitur,
686 3449 906 3516 recentioribus
925 3449 1056 3514 saeculis
1077 3467 1148 3515 snos
1170 3449 1240 3533 plus
1257 3450 1397 3516 minusve

157 3551 293 3619 infensos
312 3555 539 3638 oppugnatores
560 3553 666 3631 subiit,
687 3553 741 3638 qui
762 3554 796 3618 in
818 3553 953 3619 diuersas
976 3552 1099 3636 quidem
1120 3552 1264 3619 abierunt
1283 3556 1397 3637 partes,

158 3676 253 3723 unum
277 3675 348 3723 vern
370 3658 561 3744 eundemque
582 3657 674 3724 finem
698 3659 931 3742 prosequentes,
961 3659 998 3722 ut
1027 3675 1135 3740 nempe
1165 3675 1217 3722 ors
1246 3659 1279 3722 et
1308 3675 1398 3741 opere

159 3758 266 3828 Sancti
296 3762 380 3827 Petri
409 3762 535 3847 eiusque
564 3763 747 3830 successoris
784 3761 1004 3828 anctoritatem
1034 3761 1253 3827 imminuerent
1278 3779 1315 3826 ac
1344 3781 1398 3845 pc·

158 3867 275 3930 tentem
298 3864 552 3951 salutiferumque
572 3867 724 3933 actionem
748 3865 945 3951 frangerent,
977 3869 1010 3931 et
1042 3865 1087 3930 sic
1120 3882 1226 3931 omnes
1259 3865 1396 3931 omnium

158 3969 317 4036 nationum
341 3970 373 4035 et
393 3969 570 4054 linguarum
594 3971 698 4055 inique
726 3968 874 4037 foederati
896 3969 928 4035 in
950 3988 1046 4034 anum
1069 3969 1265 4046 coaluerunt,
1295 3971 1331 4033 nt
1358 3969 1397 4035 ad

158 4073 278 4156 petram
297 4073 408 4140 misere
431 4072 595 4141 allidersnt
617 4076 649 4141 et
672 4075 763 4141 Petro
787 4074 959 4159 praefracte
981 4073 1238 4141 contradicerent.

262 4177 308 4242 En
329 4177 499 4244 multorum
521 4179 554 4244 iu
576 4177 715 4246 Ecclesia
743 4178 862 4246 Christi
894 4178 982 4263 origo
1014 4177 1183 4244 malornm!
1225 4177 1271 4244 En
1294 4195 1396 4257 cansa,

157 4281 238 4346 ratio
257 4283 289 4348 et
311 4282 477 4348 necessitas
497 4281 684 4349 delinitionis
707 4282 902 4366 dogmaticae
925 4281 1164 4348 Infallibilitatis
1184 4281 1318 4366 papalist
1351 4281 1398 4348 En

158 4403 263 4470 pugna
284 4385 530 4452 doctissimorum
554 4387 687 4453 virorum
708 4386 763 4470 qui
785 4387 923 4453 eiusdem
938 4385 1085 4470 patriast
1100 4385 1210 4451 matris
1225 4385 1283 4451 filii
1297 4387 1398 4452 ventis

158 4490 253 4557 eben!
277 4489 424 4556 afflantur
446 4491 619 4558 contrariis.

260 4593 347 4660 Inter
369 4595 447 4662 alios
469 4594 738 4662 Eminentiesimos
760 4596 793 4662 et
816 4594 1097 4663 Revereudissimus
1120 4593 1230 4660 Patres
1251 4611 1398 4662 ueneran-

1231 4697 1293 4762 11*
