3159 4917
172 177 235 242 370
279 193 392 249 Leonis
409 190 494 248 IIIII.
513 189 560 246 22.
582 189 652 246 Dec.
671 189 745 246 1887
765 189 1009 262 urenaepucopu
1026 199 1055 245 el
1073 191 1227 259 episcopt·
1247 189 1415 246 Βαναία

171 365 296 432 clesiam
322 383 428 442 suam,
461 364 497 430 ut
532 363 612 430 bona
644 363 818 430 animorum
845 361 975 440 ultima,
1008 362 1152 446 omniqua
1177 363 1290 428 natura
1310 378 1415 428 aarum

170 471 358 536 immensum
381 469 508 546 maiora,
533 468 661 534 haberet
683 467 829 543 curanda,
853 465 1073 550 maurnands,
1095 465 1276 551 largienda
1309 468 1414 549 utque,

168 575 276 657 opibus
299 573 371 638 fidei
398 577 431 638 et
452 573 590 656 gratiae,
619 573 714 638 uitam
738 592 757 637 a
780 570 906 638 (lunam
927 570 959 636 iu
983 571 1121 636 domines
1142 588 1256 636 novam
1275 570 1414 647 interret,

168 677 280 743 salutis
305 678 512 760 sempiternae
544 676 741 744 allicientem.
786 676 940 759 Quoniam
974 693 1045 741 uero
1075 676 1225 759 cuiusque
1255 674 1415 739 societatis

45 833 66 862 r,
168 784 200 846 et
220 799 318 866 genus
340 784 373 847 et
394 779 463 846 iur'a
486 801 505 845 a
528 783 629 846 causis
653 780 877 865 propositisque
900 779 1031 845 maxime
1056 781 1206 844 notantur
1234 777 1317 842 unde
1346 777 1415 860 ipsa

167 885 323 952 exstiterit
346 888 379 951 et
399 906 460 970 quo
483 886 659 964 contendat,
684 885 760 950 haec
783 885 874 950 facile
888 885 963 950 sant
982 883 1219 967 consequentia:
1244 881 1413 948 Ecclesiam

167 990 348 1055 societatem
372 1009 438 1056 esse
469 993 535 1056 tam
558 1010 577 1056 a
600 989 686 1056 civili
707 989 893 1067 discretam,
927 1005 1020 1072 quam
1055 987 1217 1070 utriusque
1245 988 1329 1052 inter
1348 1004 1414 1052 sese

168 1093 385 1159 discernuntur
408 1095 563 1178 proxImao
586 1113 698 1160 causae
721 1096 753 1158 et
775 1093 952 1176 proposltu3
983 1090 1123 1157 eamdem
1145 1109 1213 1156 esse
1233 1090 1412 1156 societatem

169 1200 383 1276 necessariam,
406 1215 485 1282 quae
506 1198 547 1263 ad
570 1197 803 1262 uniuersitatem
828 1215 861 1262 se
885 1195 1024 1280 porrigat
1045 1195 1166 1279 generis
1182 1193 1320 1268 humani,
1343 1213 1412 1260 cnm

167 1301 206 1366 ad
230 1300 431 1366 christianam
456 1301 552 1365 uitam
575 1301 708 1364 uniuersi
733 1302 894 1377 vocentur,
917 1303 1012 1382 atque
1035 1300 1097 1374 ita,
1117 1301 1172 1376 ut,
1196 1298 1250 1382 qui
1271 1301 1415 1364 recusent

169 1403 217 1469 uel
238 1404 401 1482 deserant,
424 1405 608 1488 ablegentur
630 1405 791 1488 perpetuo,
818 1404 901 1468 ritae
922 1406 1057 1492 exsortes
1079 1401 1239 1473 caelestis:
1270 1419 1338 1468 esse
1358 1419 1413 1486 po·

166 1507 324 1573 tissimum
341 1508 389 1572 sui
404 1508 481 1572 iuris
496 1507 687 1587 societatem,
703 1525 832 1591 eamque
849 1506 1157 1590 praestantissimam,
1173 1508 1298 1590 propter
1310 1507 1412 1590 ipsam

168 1613 346 1680 caelestium
370 1615 403 1677 et
425 1611 648 1678 immortalium
669 1613 832 1689 bonorum,
856 1610 895 1677 ad
918 1629 996 1694 quac
1018 1614 1086 1676 tota
1107 1611 1280 1695 conspirat,
1309 1609 1412 1676 arcel-

167 1715 305 1782 lentiam.
352 1716 417 1780 lam
441 1735 512 1781 vero
533 1715 648 1781 liberae
668 1733 788 1794 causae,
817 1734 877 1780 uon
901 1714 985 1780 uidet
1008 1733 1107 1792 nemo,
1131 1715 1261 1780 liberam
1283 1715 1414 1780 trahunt

168 1819 350 1885 facultatem
374 1838 475 1884 rerum
499 1820 754 1897 adhibendarum,
777 1825 930 1904 quotquot
953 1820 1021 1883 usui
1044 1821 1118 1884 sunt
1140 1807 1273 1884 laturae.

272 1921 353 1988 Sunt
372 1926 476 1988 autern
501 1924 670 2000 acclesiae,
702 1927 862 2007 tamquam
896 1924 1120 2001 instrumenta,
1151 1925 1224 2006 apta
1254 1925 1287 1987 et
1309 1941 1414 1987 neces·

169 2027 262 2105 saria,
284 2045 374 2112 posse
395 2026 551 2093 arbitratu
573 2047 629 2093 suo
652 2028 854 2094 christianam
876 2027 1050 2093 doctrinam
1067 2027 1198 2104 tradere,
1220 2030 1415 2092 sacramenta

169 2132 368 2198 sanctissima
391 2150 572 2216 procurare,
602 2132 689 2198 cultu
711 2131 815 2198 diuino
838 2132 943 2218 iungi,
970 2151 1091 2198 omnem
1119 2131 1194 2198 clari
1216 2131 1414 2215 disciplinam

169 2236 311 2302 ordinare
334 2238 366 2302 et
388 2239 576 2319 temperare:
593 2237 711 2320 quibus
735 2236 913 2302 muneribus
935 2235 1151 2320 beneficiisque
1174 2237 1359 2301 instructam
1381 2239 1415 2301 et

170 2345 350 2424 apparatam
377 2341 473 2406 volruit
498 2341 580 2407 Deus
605 2341 783 2415 Ecclesiam,
807 2342 903 2406 solam
926 2360 994 2405 eam
1014 2340 1282 2424 providentissime
1305 2341 1411 2407 uoluit.

171 2443 234 2528 Ipsi
256 2444 309 2508 uni
329 2447 488 2527 tamquam
511 2447 543 2512 in
567 2445 703 2528 deposito
726 2464 794 2512 esse
816 2446 907 2510 iussit
928 2464 978 2510 res
997 2463 1103 2509 omnes
1119 2443 1229 2509 afflatu
1242 2462 1297 2509 suo
1315 2445 1413 2509 homi·

170 2548 260 2613 nibus
283 2548 478 2626 enuntiatam
508 2569 575 2614 eam
599 2549 730 2634 denique
751 2569 845 2614 uuam
868 2549 981 2615 statuit
1010 2549 1225 2632 interpretem,
1249 2549 1411 2625 uindicem,

171 2651 352 2736 magistram
377 2653 517 2717 ranulis
539 2657 571 2717 et
593 2653 854 2736 sapientissimam
881 2655 914 2718 et
944 2653 1167 2729 certissimam,
1203 2654 1291 2718 cuius
1323 2670 1411 2736 prae·

170 2763 259 2840 cepta
281 2775 377 2838 aeque
399 2756 514 2840 singuli
536 2775 631 2841 aeque
651 2757 795 2824 civitates
818 2757 952 2822 debeant
970 2757 1077 2822 audire
1093 2763 1126 2823 et
1140 2758 1244 2842 sequi;
1267 2757 1412 2822 similiter

169 2863 292 2928 constat
322 2861 471 2925 mandata
500 2862 539 2926 ab
566 2861 632 2944 ipso
665 2861 762 2924 libera
792 2859 946 2925 Ecclesiae
969 2861 1044 2925 data
1067 2878 1132 2925 esse
1155 2860 1193 2924 de
1216 2861 1307 2925 rebus
1329 2859 1411 2925 iudi-

53 2993 55 2998 ’
169 2966 276 3030 caudis
298 2968 331 3029 et
353 2964 525 3029 statuendis
548 2984 758 3048 quaecumque
781 2964 892 3028 melius
914 2965 954 3028 ad
977 2965 1106 3029 consilia
1126 2984 1183 3030 sua
1198 2963 1412 3030 conducerent.

273 3069 341 3151 Qua
360 3070 398 3132 de
421 3087 463 3145 re,
485 3069 552 3132 sine
567 3087 661 3134 causa
676 3068 781 3135 ciuilia
796 3069 926 3151 imperia
942 3069 1145 3152 suspicionem
1167 3073 1199 3134 et
1216 3068 1411 3134 prensionem

171 3172 295 3256 capiunt
317 3172 355 3236 de
375 3172 521 3235 libertate
544 3172 717 3248 Ecclesiae,
752 3190 846 3254 quum
882 3171 1006 3236 demum
1038 3171 1085 3235 uel
1118 3172 1217 3237 ciuilis
1239 3172 1284 3237 uel
1308 3191 1414 3236 merae

171 3276 333 3358 potestatis
356 3275 437 3338 idern
462 3276 504 3339 sit
524 3275 731 3358 principium,
766 3275 855 3339 unice
884 3295 904 3340 a
928 3275 1003 3340 Deo.
1049 3275 1181 3359 Ideoque
1204 3294 1263 3341 non
1287 3279 1414 3359 possunt

169 3380 250 3446 inter
273 3397 307 3446 se
329 3380 384 3444 aut
407 3377 590 3463 discrepare,
614 3381 670 3445 aut
693 3378 834 3462 impediri
859 3381 914 3445 aut
935 3379 1018 3458 elidi,
1042 3399 1113 3446 cum
1130 3397 1226 3464 neque
1241 3379 1324 3444 ileos
1342 3399 1415 3446 con·

170 3487 254 3549 stara
277 3483 335 3547 sibi
358 3502 417 3547 uon
440 3484 553 3565 possit,
586 3501 682 3568 neque
716 3502 809 3566 opera
839 3483 905 3549 aius
936 3488 1050 3567 queant
1083 3484 1166 3550 inter
1196 3503 1228 3550 se
1259 3503 1414 3568 pugnam

170 3587 244 3672 quin
268 3585 362 3654 etiarn
388 3587 464 3651 miro
487 3585 743 3652 commendantur
765 3605 928 3651 causarum
945 3577 1279 3670 rerumqueconoentu.
1304 3588 1416 3673 Liquet

171 3691 330 3773 praeterea
357 3689 527 3756 llcclesiam
555 3689 757 3768 catholicam,
798 3689 874 3754 dum
906 3690 1000 3755 latius
1034 3691 1237 3776 liberiusque,
1270 3693 1416 3758 ductoris

171 3795 220 3860 sui
240 3795 331 3859 iussis
352 3795 577 3877 obtemperans,
601 3813 656 3858 sua
676 3793 768 3877 sigua
783 3792 880 3858 infert
893 3795 925 3858 in
942 3797 1060 3878 gentes,
1083 3813 1277 3880 nequaquam
1293 3797 1325 3862 in
1340 3795 1415 3861 fines

170 3917 329 3964 excurrere
352 3899 515 3981 potestatis
539 3898 657 3976 uirilis,
685 3901 811 3982 eiusque
833 3898 1007 3964 rationibus
1028 3898 1135 3982 aliqua
1156 3917 1189 3964 re
1203 3901 1334 3983 obesse;
1361 3901 1416 3965 sed

170 4003 268 4070 tutari
291 4022 344 4068 aas
365 4005 398 4069 et
419 4002 556 4078 mucium
587 4001 627 4067 ad
656 4003 723 4068 eius
751 4021 823 4069 uere
845 4002 1083 4070 similitudinem
1104 4004 1184 4088 quod
1206 4005 1416 4090 contingitur

171 4107 231 4175 lide
254 4106 442 4184 annuum,
476 4124 555 4189 quae
587 4108 712 4172 tautum
740 4107 830 4172 abest
861 4108 896 4171 ut
919 4108 1070 4174 humanae
1093 4109 1223 4175 rationis
1245 4108 1415 4175 luminibus

170 4213 335 4290 obstruat,
367 4213 402 4276 ut
433 4211 534 4294 petius
563 4210 623 4294 ipsi
653 4210 749 4277 addat
775 4211 985 4295 splendorem,
1020 4212 1069 4279 vel
1093 4213 1175 4295 quod
1197 4213 1238 4277 ab
1261 4214 1416 4280 erroribus

171 4313 349 4398 opinionum
372 4315 502 4394 avertat,
526 4314 565 4379 ad
587 4333 664 4398 quoa
688 4316 807 4398 prolati
829 4317 998 4382 tammum
1022 4319 1089 4393 est,
1112 4317 1160 4383 uel
1181 4318 1263 4400 quod
1286 4319 1317 4382 in
1339 4335 1414 4402 spa-

171 4417 252 4482 tium
273 4437 375 4482 rerum
395 4417 668 4502 intelligendamm
693 4419 828 4503 amplius
850 4422 883 4485 et
903 4420 1053 4486 excelsius
1075 4421 1236 4488 admittat.

276 4517 332 4610 [9.]
356 4519 403 4586 dd
420 4521 583 4587 &vadam
599 4521 681 4606 quod
696 4523 820 4603 attinet,
837 4523 972 4591 rationes
984 4523 1140 4609 quaedam
1155 4525 1329 4612 singulares
1343 4526 1415 4594 huic
