3159 4917
388 203 448 260 Dtc
465 202 628 261 recbtltcbc
645 204 750 261 Notae·
767 205 825 260 der
841 203 1132 273 incorporationem
1334 181 1379 248 '41

136 376 394 462 incorporationis
416 375 543 443 ecclesio
568 376 600 441 in
624 376 685 441 Bor
715 395 770 461 pro
800 374 989 443 monasterio
1020 373 1215 441 Zderasiaosi
1247 372 1379 440 auetori-

136 484 205 549 tate
227 482 388 567 apostolici
409 480 508 547 heisst
528 499 561 547 es
583 480 618 565 (l.
638 498 704 564 cap.
730 480 793 546 164
816 479 1041 565 beciebungsn.
1063 479 1161 563 430):
1187 478 1308 562 »Ipsam
1331 496 1382 543 eo-

135 587 265 653 clesiam
288 587 319 653 in
342 586 454 670 majori
473 585 535 651 Bor
564 584 603 650 ad
626 602 749 669 presens
771 585 1000 652 incastellatam
1020 602 1091 649 oum
1114 583 1234 667 capella
1255 600 1309 649 ssu
1331 601 1382 648 eo·

134 692 232 759 clesia
257 693 331 759 ants
357 690 424 777 jam
455 689 569 755 dicam
604 688 835 756 incastellatam
858 689 1021 757 ecelesiam
1041 689 1145 755 erecta
1168 689 1201 753 et
1220 704 1279 771 qua
1297 687 1381 771 rogi·

135 796 191 863 tur
213 796 246 861 et
276 796 427 861 hactenus
449 793 509 861 luit
538 795 624 859 recta
646 813 699 877 per
721 795 937 879 presbyterum
970 793 1181 871 saecularem,
1215 790 1380 875 inquibus

136 900 278 984 profatus
304 898 496 983 praepositus
525 900 558 964 st
585 898 681 982 ipsius
701 902 871 965 conventos
889 898 941 983 jos
967 897 1151 983 patronatus
1180 914 1235 961 sen
1256 913 1380 979 presen-

135 1002 226 1069 tandi
249 1003 362 1071 babere
384 1002 599 1079 dinoscuntur,
628 1024 666 1071 ae
687 1004 786 1069 colom
807 1003 962 1085 capellam
983 1002 1122 1069 eamdem
1150 1022 1221 1067 cam
1238 1000 1381 1067 omnibus

134 1110 205 1175 accis
223 1110 321 1191 apsis,
337 1108 456 1189 protis
473 1107 614 1191 poscens,
636 1107 736 1184 aaa,
760 1110 861 1190 apsis,
883 1108 1006 1185 riculis,
1029 1106 1181 1191 censibus,
1197 1103 1380 1182 redditibus,

130 1210 267 1296 juribus,
286 1210 487 1290 utilitatibus,
508 1208 646 1289 decimis,
665 1212 886 1289 oblacionibus,
910 1211 1146 1277 obtensionibus
1171 1211 1204 1275 st
1225 1210 1380 1291 pertinen-

135 1316 192 1381 ciis
215 1314 384 1393 universis,
406 1332 585 1398 quocunque
616 1316 738 1381 nomine
764 1320 964 1407 censeantur,
997 1316 1200 1397 undecunque
1221 1314 1254 1379 et
1276 1312 1378 1396 quali-

133 1423 305 1503 tercurmne
327 1418 519 1503 proueniant,
542 1419 661 1503 prelato
681 1420 867 1487 monasterio
883 1420 1077 1487 Zderasiensi
1097 1418 1282 1484 auctoritate
1306 1436 1379 1500 apo·

133 1523 249 1591 stolica
269 1522 508 1607 coniungimur
530 1523 562 1588 in
585 1522 645 1590 hac
659 1526 758 1607 parta,
783 1524 1020 1608 incorporamus,
1043 1523 1238 1590 annectimus
1261 1524 1294 1588 et
1309 1521 1378 1586 uni·

133 1647 225 1693 mus«
249 1628 309 1697 stc.

241 1784 383 1851 Dieselbe
417 1785 645 1852 ametandliobe
678 1784 878 1872 Autntblung
908 1784 985 1853 aller
1014 1781 1190 1851 denlrbaren
1221 1781 1378 1849 einzelnen

136 1889 444 1975 Vermbgensreohte,
467 1889 517 1955 die
540 1889 635 1955 durch
660 1889 954 1974 die-Incorporatiou
978 1909 1036 1955 von
1056 1889 1110 1955 der
1126 1889 1241 1954 Kircbe
1263 1887 1295 1951 in
1318 1887 1379 1951 Bor

133 1992 191 2058 aui
211 1992 267 2058 das
289 1992 547 2060 Zderas-Kloster
569 1993 742 2080 ibergebon
766 1995 880 2072 sollcn,
912 1994 1005 2061 kebrt
1027 1993 1129 2077 einige
1149 1992 1252 2058 Zeileu
1274 1992 1378 2074 spater

133 2096 296 2163 nochmals
324 2098 445 2164 wieder.
491 2098 648 2184 Nirgends
679 2099 722 2164 ist
745 2102 857 2183 gesagt
879 2098 953 2165 oder
974 2098 1182 2183 angedeutet,
1217 2095 1289 2161 dass
1311 2094 1378 2161 blos

135 2200 187 2266 dic
209 2201 377 2267 llinlniutte
397 2201 470 2269 oder
489 2202 779 2287 Nutzcngsraobte,
818 2204 906 2269 uicbt
934 2202 983 2268 die
1007 2200 1301 2286 Vermbgensroohte
1324 2199 1378 2265 der
1402 2260 1409 2270 .

132 2304 250 2371 Kirche
273 2306 370 2372 selbst
392 2307 449 2373 aui
467 2306 523 2373 das
538 2306 664 2373 Kloster
685 2308 861 2392 ibergeben
884 2306 1005 2374 sollten.
1050 2306 1141 2372 Noch
1164 2303 1377 2371 entscbeideu·

131 2410 187 2475 der
209 2409 312 2477 lactet
333 2408 401 2477 sino
424 2409 535 2477 andere
550 2410 696 2477 Urlrunde
720 2410 774 2477 des
797 2411 991 2477 llrnbiscbofs
1014 2413 1137 2490 Amest,
1159 2409 1209 2476 die
1231 2408 1305 2474 cibet
1327 2407 1377 2472 die

131 2514 339 2599 incorporatio
366 2516 512 2581 ecclesiae
544 2515 577 2581 iu
604 2516 707 2581 monte
732 2516 839 2599 pulcro
865 2515 905 2581 ad
927 2515 1111 2582 decanatum
1134 2534 1158 2583 s.
1184 2512 1295 2598 ligidii.
1340 2512 1376 2578 In

131 2618 232 2684 dieser
259 2618 356 2684 baisst
385 2637 418 2685 es
446 2623 488 2701 (a.
519 2638 546 2685 a.
578 2618 614 2687 0.
649 2618 679 2685 S.
714 2620 785 2688 167.
815 2638 893 2703 resp.
930 2618 1024 2704 433):
1072 2618 1262 2685 »Ecclesiam
1285 2636 1376 2701 paro·

132 2722 265 2789 chialem
287 2723 320 2787 in
343 2722 471 2807 pulchro
498 2723 603 2789 monto
633 2742 702 2787 oum
730 2722 872 2789 omnibus
892 2720 1013 2807 juribus
1036 2724 1068 2788 et
1091 2722 1288 2805 pertinenciis
1311 2720 1376 2790 anis

130 2827 198 2893 mm
222 2826 421 2909 presentibus
439 2846 532 2911 quam
556 2827 670 2892 futuris
701 2827 838 2911 predicto
862 2826 1025 2894 decanatui
1054 2846 1078 2892 s.
1102 2826 1206 2912 Egidii
1229 2829 1377 2910 perpetuo

131 2929 245 2996 unione
267 2929 462 3015 conjugimns
489 2930 712 3015 ecclesiamque
734 2932 835 3016 ipsam
861 2932 892 2996 iu
913 2932 965 3017 Jus
992 2934 1023 2997 et
1045 2922 1264 3015 proprietatem
1287 2932 1377 2997 deca-

130 3037 225 3099 natus
247 3033 343 3117 ipsius
365 3034 580 3101 transierimus
607 3037 639 3101 et
668 3037 767 3101 totum
790 3036 888 3119 ipsios
911 3036 1038 3101 ecclesie
1065 3037 1129 3101 siue
1150 3036 1183 3101 in
1206 3034 1377 3119 spirituali-

129 3139 189 3203 bus
212 3140 244 3203 et
265 3138 488 3223 temporalibus
510 3138 575 3205 sire
597 3139 629 3205 in
652 3158 832 3225 quacunque
851 3140 1066 3225 jurisdictione
1088 3140 1136 3206 rel
1164 3140 1277 3207 honore
1303 3158 1376 3205 con-

128 3240 277 3307 sistatis
301 3240 485 3309 decanatum
508 3244 609 3327 ipsum
633 3244 880 3309 transfundimus
909 3246 942 3311 et
969 3264 1035 3310 esse
1064 3244 1202 3310 volumus
1223 3244 1376 3328 presentis

128 3344 239 3429 scripti
272 3346 474 3414 annotatione
503 3348 710 3428 transfusum,
744 3350 919 3415 statuentes
954 3349 987 3415 et
1020 3349 1238 3416 constitutione
1267 3370 1375 3434 perpe-

126 3452 184 3516 tuo
206 3449 344 3516 valitura
365 3450 541 3528 firmantes,
577 3454 615 3518 ut
643 3452 815 3524 &conotus
829 3453 993 3536 pradinas
1019 3460 1048 3520 et
1072 3456 1144 3536 ipso
1169 3455 1299 3522 ccclesia
1327 3456 1375 3521 sic

127 3555 213 3621 oniti
233 3575 297 3621 non
318 3555 400 3634 duo,
428 3556 485 3622 scd
513 3576 608 3625 onom
636 3563 757 3623 tactam
776 3557 964 3641 becctciom,
992 3558 1163 3625 decom
1183 3559 1325 3626 videlicet
1346 3579 1373 3625 s.

127 3656 244 3743 Epidii
264 3664 293 3725 et
313 3658 485 3727 docum
506 3660 609 3743 psius
631 3661 776 3729 cenwald
799 3658 1026 3741 consectanei
1048 3662 1129 3746 quod
1154 3662 1304 3728 discretus
1327 3664 1375 3728 uir

127 3812 136 3829 .
161 3811 169 3829 .
195 3811 202 3827 .
225 3762 279 3846 qui
302 3762 334 3826 iu
360 3764 518 3847 presencia
538 3763 634 3847 ipsius
653 3782 677 3831 s.
694 3764 799 3849 Egidii
820 3766 966 3832 ecclcsiae
989 3768 1037 3833 est
1059 3766 1193 3833 decanus
1216 3769 1248 3832 et
1270 3784 1374 3831 omnes

127 3866 183 3948 qui
204 3865 273 3949 ejus
295 3866 327 3931 in
351 3866 504 3933 decanatu
524 3868 589 3951 ipso
609 3867 736 3935 luerunt
755 3888 954 3948 successores,
977 3872 1162 3937 &wantum
1181 3873 1286 3955 ipsccn
1305 3891 1375 3939 cem

126 3969 259 4037 ecclesio
283 3975 312 4036 et
342 3970 504 4039 molosiam
522 3992 592 4040 cnm
616 3973 770 4040 ἀεσαηαία
791 3994 856 4041 ooo
877 3981 1029 4059 tanquam
1050 3976 1112 4041 duo
1133 3975 1259 4043 diuerso
1285 3978 1374 4043 bonc-

124 4072 210 4155 ficin,
232 4072 288 4139 scd
307 4096 406 4143 caum
426 4082 568 4155 tantam,
603 4078 684 4160 qood
699 4084 734 4143 ct
749 4079 952 4163 praedictum
973 4086 1018 4146 ast
1039 4079 1209 4148 &cccmus
1235 4084 1372 4148 censebi-

125 4184 187 4256 tur,
211 4184 315 4245 team
336 4179 466 4246 debeant
488 4186 516 4245 ct
536 4180 658 4248 daborc
682 4232 688 4247 .
714 4206 741 4246 .‹
791 4182 969 4248 Deutlicber
992 4183 1074 4249 kann
1096 4183 1174 4250 doch
1198 4185 1278 4252 uobl
1299 4187 1373 4253 We·

126 4298 179 4346 scu
196 4281 259 4347 und
278 4280 435 4367 Wirlrung
450 4282 505 4349 der
524 4284 753 4370 Incorporation
770 4286 857 4352 niobt
873 4287 1037 4373 dargelegt
1052 4288 1181 4363 werden,
1197 4289 1245 4356 als
1259 4309 1293 4356 es
1305 4290 1372 4356 bier

126 4384 302 4468 gescheben
324 4386 375 4454 ist.
405 4386 503 4455 Nicbt
526 4389 593 4455 blos
616 4388 675 4454 ulle
692 4388 988 4475 Vormbgensrscbte
1006 4391 1061 4457 der
1075 4392 1192 4461 Kircbe
1208 4394 1239 4458 in
1255 4394 1373 4461 Schen-

125 4490 201 4573 berg
224 4488 322 4555 sollen
346 4490 402 4557 aul
422 4491 477 4556 das
503 4492 641 4559 Decanat
664 4492 709 4561 St.
734 4494 848 4579 Aegidi
867 4495 1062 4579 ibergebeu,
1099 4498 1228 4564 soodorn
1253 4499 1302 4564 die
1323 4519 1371 4565 er-
