3159 4917
172 180 218 243 De
236 185 370 258 liturgic
387 181 526 258 paudum
544 186 589 242 alc
607 181 692 240 dicta
709 181 839 242 alawico
851 180 963 241 callot.
975 179 1120 242 ccclesiae
1134 185 1306 244 contrario.
1337 167 1409 264 ⁴405

172 357 402 426 catholicorum
419 378 548 425 numero
567 359 721 438 murtam,
744 357 901 424 Ecclesiae
917 356 1088 424 catholicae
1104 359 1237 426 maxima
1250 361 1411 429 obstacula

170 462 346 528 obiciuntur
369 464 401 529 et
422 465 621 530 sanctissima
642 463 708 528 eius
728 463 798 527 iura
820 463 985 541 violantur,
1008 463 1120 546 quibus
1134 464 1230 530 etiam
1246 465 1410 550 principes,

171 566 225 650 qui
243 566 365 632 nomine
387 567 539 634 catholico
561 565 709 646 audiunt,
734 585 794 631 non
815 568 959 632 vorantur
981 567 1102 650 partes,
1129 585 1208 651 quae
1230 569 1325 634 solius
1348 570 1407 636 Eo-

172 670 283 736 olesiae
309 671 399 750 snut,
430 671 489 737 sibi
520 671 672 754 arripere,
706 671 818 756 quibus
851 670 884 736 iu
918 671 1060 736 omnibus
1079 673 1239 739 societatis
1263 674 1411 759 gradibus

171 792 279 841 sensus
300 775 470 841 catholicus
491 775 523 840 in
545 774 610 841 dies
633 775 734 859 magis
756 773 884 858 deperit,
906 774 958 860 qui
977 777 1096 858 sperari
1119 776 1233 860 poterit
1246 779 1278 844 in
1298 779 1411 864 reguis,

172 898 304 963 quorum
324 879 459 945 maxima
480 879 594 945 cisium
616 898 688 963 pars
709 879 887 946 occltola'cc
907 885 968 958 act,
996 879 1162 964 principem
1186 882 1411 949 ecclesiasticae

172 1001 225 1049 eeu
247 983 544 1067 caesaropapisticae
567 984 730 1068 potestatis
753 983 885 1049 libenter
911 985 1063 1050 iacturam
1087 1003 1247 1068 passurum
1270 1005 1353 1066 esse,
1377 989 1413 1053 ut

172 1106 283 1171 parrae
305 1088 418 1154 civium
440 1088 661 1154 catholicorum
683 1089 790 1154 manui
814 1095 979 1172 eorumque
1002 1088 1157 1155 Ecclesiae
1177 1091 1309 1176 gratiam
1327 1092 1413 1157 exhi-

173 1191 270 1258 beat?
309 1192 450 1258 Historia
471 1191 584 1258 talium
604 1210 768 1278 regnorum
791 1194 842 1259 sat
863 1192 951 1258 uobis
981 1195 1116 1260 testatur
1138 1194 1178 1261 ad
1200 1193 1413 1261 recentissima

174 1315 270 1379 nequo
292 1298 432 1380 tempora
452 1297 639 1363 contrariom
662 1296 817 1375 evenisso,
842 1297 887 1362 ita
909 1298 944 1362 ut
965 1298 999 1362 in
1022 1299 1143 1382 plenam
1165 1299 1324 1384 religionis
1344 1319 1413 1384 per·

173 1400 284 1466 niciem
302 1401 425 1466 cederet
446 1437 485 1448 -
509 1420 545 1466 ac
567 1399 702 1484 prolecto
722 1399 900 1468 ’Slousnslri
915 1401 1038 1468 Narod‹
1062 1403 1093 1468 et
1112 1402 1191 1468 aliae
1208 1403 1274 1468 eius
1292 1404 1413 1488 generis

174 1504 384 1589 ephemerides
416 1503 576 1570 ecclesiam
611 1506 845 1572 schismaticam
874 1508 910 1571 ut
935 1505 1071 1571 omnium
1095 1505 1253 1572 Slevorum
1278 1507 1413 1574 futuram

173 1609 236 1674 iarn
266 1610 444 1688 praedicare
467 1629 526 1675 non
550 1610 739 1676 embueruut
770 1647 811 1657 -
839 1610 865 1674 si
893 1609 1023 1694 populus
1049 1609 1220 1676 catholicus
1250 1609 1413 1676 affinitatis

173 1715 298 1780 tantum
320 1715 487 1781 rationalis
510 1715 630 1800 gratia,
653 1715 888 1793 emtionibus,
911 1715 987 1780 licet
1008 1734 1066 1780 non
1090 1735 1201 1800 genere
1224 1716 1412 1800 propinquis,

175 1817 235 1883 fide
253 1819 359 1884 tamen
381 1819 542 1886 catholicis
565 1819 687 1904 seiungi
710 1819 813 1897 vellet,
838 1825 873 1884 ut
894 1838 963 1884 cum
988 1817 1058 1885 aliis
1074 1838 1093 1884 a
1107 1818 1168 1884 fide
1183 1819 1337 1886 catholica
1352 1839 1412 1886 non

174 1923 300 1988 tantum
322 1923 449 2004 alienis,
480 1943 586 1988 rerum
607 1923 708 1989 eidem
734 1923 830 1989 etiam
851 1921 1085 2000 intensissimis,
1117 1923 1295 1988 sociotatem
1318 1923 1413 1991 ineat.

175 2026 350 2112 (Numquid
371 2047 430 2094 non
452 2027 627 2112 ignomina,
658 2045 719 2112 qua
739 2029 771 2092 iu
797 2025 975 2092 »Sloveuslri
998 2025 1124 2092 Narods
1149 2026 1310 2094 Summum
1334 2028 1414 2093 Pon-

173 2131 290 2197 tificem
313 2132 423 2216 impeti
445 2151 538 2216 supra
557 2132 815 2210 memoravimus,
849 2150 886 2196 ex
904 2131 959 2197 illo
982 2129 1051 2196 odio
1074 2131 1240 2214 repetenda
1262 2131 1348 2216 esti)
1372 2169 1410 2180 -

175 2235 379 2320 Evangelium
403 2236 474 2301 lesu
497 2235 614 2301 Christi
635 2236 727 2319 louge
757 2236 852 2300 alium
884 2233 1123 2318 propinquorum
1158 2253 1292 2300 amorem
1327 2237 1414 2303 nobis

175 2340 370 2405 commendat
383 2338 536 2424 aliamque
551 2340 651 2416 unius,
675 2339 755 2422 quod
770 2338 977 2405 necessarium
993 2339 1045 2418 sit,
1068 2357 1185 2418 curam,
1208 2339 1413 2422 praecipiens:

178 2442 257 2524 »Qui
278 2445 364 2508 amat
385 2444 505 2525 patrem
527 2443 583 2507 aut
604 2442 737 2506 matrem
758 2440 828 2524 plue
850 2459 943 2525 quarn
964 2459 1029 2522 me,
1062 2460 1122 2507 non
1144 2444 1192 2508 est
1213 2461 1263 2508 me
1283 2442 1413 2528 dignum

176 2547 208 2611 et
241 2546 294 2631 qui
328 2546 415 2612 amat
447 2544 545 2610 filium
579 2548 636 2611 aut
667 2543 765 2610 filiam
799 2563 891 2629 super
925 2564 993 2622 me,
1029 2564 1087 2610 non
1118 2547 1166 2612 est
1195 2565 1245 2613 mo
1271 2547 1412 2634 diguus<

175 2649 303 2737 (Matth.
328 2648 366 2715 X.
390 2649 457 2734 37.)
501 2649 561 2714 »m
593 2649 619 2715 si
649 2649 863 2716 salutaveritis
893 2649 1004 2715 tratres
1033 2651 1150 2717 resnos
1172 2653 1309 2732 tantum,
1341 2653 1416 2738 quid

176 2754 309 2838 amplius
328 2754 461 2820 facitis?
482 2772 581 2820 nonne
603 2755 636 2820 et
656 2754 775 2820 ethnici
796 2755 854 2820 hoc
875 2753 1035 2820 lacincti«
1060 2755 1132 2839 (lbi.
1155 2753 1191 2820 V.
1214 2756 1280 2842 47).

279 2857 416 2924 Tandem
439 2857 590 2924 eiusmodi
620 2859 724 2924 studia
755 2876 897 2943 peruersa
927 2859 1073 2924 damnare
1102 2859 1190 2925 iubet
1222 2860 1288 2926 Nos
1321 2860 1416 2926 etiam

175 2963 284 3046 pietat,
308 2982 369 3048 qua
390 2982 463 3048 erga
487 2963 739 3048 gloriosissimam
753 2965 936 3050 Dynaetiam
959 2963 1158 3043 austriacam,
1181 2983 1218 3032 ac
1235 2965 1416 3048 praeprimis

176 3086 251 3153 erga
274 3067 530 3153 augustissimum
553 3067 620 3134 eius
635 3068 820 3153 l’rincipom,
843 3067 1063 3154 gloriosissime
1083 3068 1417 3154 regnamemlmpera-

175 3176 274 3238 torem
296 3191 333 3238 ac
355 3173 521 3238 Dominum
544 3174 681 3238 nostrum
703 3172 814 3257 repleti
837 3190 952 3238 sumus.
1000 3173 1140 3239 Profecto
1163 3193 1254 3257 quem
1274 3176 1415 3240 nostrum

176 3275 287 3360 repleti
307 3294 423 3342 sumus.
469 3276 610 3342 Proiecto
632 3295 722 3362 quem
746 3277 885 3343 nostrum
909 3277 988 3342 latet
1010 3277 1042 3341 in
1066 3276 1202 3357 dustria,
1227 3278 1253 3342 si
1276 3277 1415 3344 Ecclesia

176 3382 331 3448 catholica
361 3381 463 3447 adhuc
491 3379 588 3447 uitam
619 3381 702 3466 agit,
732 3382 802 3466 post
837 3382 934 3448 Deum
969 3381 1100 3446 maxime
1132 3381 1275 3466 gloriosis
1309 3383 1417 3448 domus

177 3487 403 3572 habsburgicae
419 3485 613 3569 Principibus
635 3486 719 3550 tanti
740 3484 881 3552 beneficii
896 3484 1016 3571 gratias
1031 3485 1208 3553 referendus
1224 3505 1300 3568 esse,
1324 3490 1417 3571 atque

177 3593 291 3657 uostris
314 3591 409 3657 etiarn
432 3590 540 3656 diebus
562 3590 779 3676 augustissimi
800 3589 1001 3674 Imperatoris
1025 3591 1146 3676 gratim
1172 3590 1294 3671 deberi,
1324 3592 1416 3677 quod,

177 3693 319 3779 quamuis
349 3697 490 3778 tompore
515 3695 623 3779 iniqua
645 3696 726 3774 sint,
759 3694 960 3760 nihilominus
992 3694 1148 3760 Ecclesiae
1175 3695 1346 3762 catholicae
1367 3698 1417 3762 tot

177 3798 266 3864 bouis
286 3798 320 3864 in
342 3797 429 3863 nobis
450 3797 513 3863 frui
535 3798 626 3878 licet,
654 3799 796 3883 quodque
823 3799 871 3864 tot
893 3799 976 3863 mala
998 3799 1037 3865 ab
1058 3818 1095 3865 ea
1118 3803 1262 3864 arcentur
1284 3798 1332 3866 rol
1354 3801 1418 3866 eal-

177 3903 242 3968 tem
263 3902 432 3968 leuantur?
453 3901 541 3968 Sicut
562 3922 634 3988 ergo
659 3905 768 3988 gratus
784 3903 906 3968 animus
923 3901 1009 3969 iubet
1026 3922 1080 3968 uos
1095 3902 1233 3987 quotidie
1249 3902 1416 3971 Dominum

177 4007 365 4073 exercituum
388 4007 421 4072 et
439 4008 557 4092 Regem
579 4025 687 4092 regum
703 4008 872 4086 obsecrare,
893 4010 930 4073 ut
944 4008 1078 4073 nobilem
1095 4006 1183 4073 illum
1201 4026 1237 4072 ac
1256 4009 1415 4074 strenuum

177 4114 210 4178 et
232 4112 318 4195 pium
340 4129 462 4177 sensum
484 4112 515 4176 iu
538 4113 761 4197 augustissima
775 4111 975 4197 Imperatoris
993 4111 1113 4178 familia
1128 4111 1231 4197 gratia
1246 4131 1302 4179 sua
1316 4112 1418 4178 foreat

178 4235 215 4283 ac
235 4215 348 4295 firmet,
370 4235 430 4301 quo
453 4217 592 4284 Ecclesia
613 4217 777 4297 catholica,
800 4235 878 4301 quae
901 4216 1112 4282 firmissimum
1137 4217 1327 4283 diversarum
1353 4219 1418 4282 Au·

177 4322 272 4389 striae
294 4323 453 4388 nationum
477 4320 516 4387 ad
539 4340 632 4388 unam
655 4321 836 4388 societatem
863 4321 1100 4388 coalescentium
1121 4321 1277 4387 uinculum
1300 4322 1362 4402 est,
1385 4322 1418 4386 iu

178 4427 290 4494 animis
310 4427 505 4493 subditorum
529 4426 655 4493 altiores
676 4426 708 4491 in
732 4425 798 4492 dies
819 4425 938 4492 radices
961 4425 1086 4503 mittutr
1116 4425 1164 4491 ita
1186 4425 1322 4492 eiusdem
1346 4444 1418 4510 gra·

160 4530 322 4600 citudinis
343 4533 392 4599 len
414 4531 541 4619 populos
562 4534 659 4611 tenet,
685 4533 722 4597 ut
742 4531 833 4597 firma
854 4531 915 4598 fide
937 4549 974 4598 ac
997 4531 1099 4597 animo
1123 4529 1276 4597 constanti
1300 4529 1417 4596 addicti
