3159 4917
150 201 219 270 ⁸⁹¹⁸·
236 215 323 274 prno.
340 201 460 258 werten.
474 201 529 258 17.
542 203 579 260 ds
591 204 659 260 ord.
672 209 767 260 soret.
779 207 816 258 irs
827 205 897 275 clip.
910 206 1078 260 commend.
1091 205 1133 260 ud
1146 206 1279 274 episcop.
1323 184 1382 250 121

178 379 209 441 3.
244 373 328 440 Ordo
349 374 505 442 amoris
526 376 561 441 r'rr
581 373 720 460 81498818
742 331 1019 444 commendandum
1039 376 1083 443 od
1105 375 1338 459 Nphcoputum.

701 513 823 570 Fontes.

146 633 184 689 De
201 633 279 690 ruodo
300 634 504 690 commendandi
521 634 556 690 ad
575 634 775 705 llpiroopatnm.
792 664 825 674 -
845 635 935 692 0888.
951 637 1039 693 Pseu
1054 638 1077 693 1.
1093 639 1221 699 Woatm,
1240 635 1309 692 decr.
1322 635 1385 692 m.

246 721 365 790 (Archiv,
382 725 405 777 t.
421 722 463 777 52.
482 740 508 793 p.
526 723 579 778 396
596 721 656 792 eq.).

146 807 370 864 dissensionibus
390 807 597 879 Capitularihne.
624 835 657 847 -
688 809 776 866 Coruo.
806 811 894 868 Pron.
923 811 947 865 1.
976 811 1112 880 Weslm„
1140 809 1265 880 (Archiv,
1294 812 1316 866 t.
1341 810 1384 864 62.

144 895 343 1040 remegio&
352 895 453 1052 &gnie
470 981 503 1038 de
521 982 600 1052 Prop.
616 980 693 1037 side.
712 1010 744 1020 -
766 981 857 1039 Cone.
877 983 967 1038 Proo.
985 983 1008 1038 1.
1034 984 1164 1049 Weotm,
1186 982 1305 1052 (Archiv,
1324 983 1383 1038 18

143 1069 339 1221 donasti&
356 1069 503 1226 &litatae
521 1155 567 1211 deo.
589 1153 619 1210 in
640 1153 841 1210 88888881.-
861 1155 951 1212 0888.
972 1157 1061 1212 Prov.
1083 1155 1135 1210 lV.
1159 1156 1295 1220 weram..
1322 1153 1386 1224 (Ar-

244 1242 315 1309 chiv,
331 1244 353 1297 t.
370 1241 413 1298 38.
431 1258 456 1312 p.
472 1241 522 1297 237
541 1241 602 1312 erp).

665 1350 860 1360 nom-a...-

247 1415 345 1482 »llum
368 1416 537 1500 Episcopus
559 1419 608 1483 eet
630 1417 883 1486 constituendus«
907 1416 1049 1501 (Archiv,
1071 1419 1096 1483 t.
1121 1417 1170 1482 52.
1193 1435 1223 1499 p.
1246 1415 1332 1497 436).

245 1521 272 1588 1.
313 1520 555 1604 »capitulariter
577 1521 773 1609 Dignitarius
794 1521 994 1588 8108888181
1022 1521 1110 1588 illius
1134 1519 1289 1586 Ecclesiae
1311 1537 1380 1584 oon·

143 1625 316 1705 »seuianle
343 1625 482 1708 (Archiv,
507 1625 529 1692 l.
552 1627 592 1712 8.)
618 1645 697 1692 »non
716 1626 804 1692 ultra
825 1644 960 1692 mensem
976 1645 995 1692 a
1013 1625 1063 1691 die
1079 1625 1189 1690 mortis
1207 1622 1380 1708 Episcopi«

143 1729 285 1810 (Archiv,
307 1732 331 1795 t.
355 1730 407 1798 62.
430 1751 459 1816 p.
483 1729 570 1816 427).

242 1833 287 1902 11.
336 1833 517 1902 »celebrata
545 1853 600 1920 per
633 1834 821 1901 Canopicum
855 1833 1028 1920 digniorem
1062 1833 1159 1899 Nirea
1195 1832 1233 1899 do
1265 1831 1382 1918 Spiritu

142 1937 304 2006 »Sancto«
328 1937 468 2022 (Archiv,
492 1938 512 2006 l.
537 1938 588 2023 8.).

243 2043 286 2110 Π.
324 2043 493 2110 »Precibus
510 2043 548 2109 de
568 2062 652 2109 more
670 2043 876 2130 praemissis«
902 2043 1041 2128 (Archiv,
1065 2045 1088 2112 t.
1112 2044 1164 2110 52.
1185 2063 1215 2128 p.
1238 2040 1327 2128 436).

241 2147 298 2212 IV.
336 2147 396 2214 »lit
417 2147 567 2232 praestito
589 2167 607 2213 a
630 2147 763 2233 singulis
791 2147 968 2232 juramento
998 2147 1035 2214 de
1063 2150 1182 2214 secreto
1200 2145 1377 2214 servando«

139 2250 279 2336 (Archiv,
303 2253 328 2320 t.
352 2253 403 2318 52.
427 2273 456 2336 p.
479 2253 553 2330 427,
575 2272 605 2337 p.
627 2252 715 2338 436).

332 2356 366 2422 1⁰
388 2355 454 2441 ligo
477 2355 517 2423 N.
540 2356 740 2440 Praepositus
761 2356 801 2422 N.
824 2355 966 2440 spondeo,
990 2375 1082 2422 voveo
1106 2357 1381 2442 8138888888-

223 2461 345 2527 cretum
368 2459 503 2527 fideliter
525 2463 730 2538 seruaturum,
753 2461 791 2525 de
815 2460 948 2544 singulis
971 2461 1145 2527 nominihus
1167 2459 1381 2544 proponendis,

222 2566 259 2632 et
281 2565 438 2650 suffragiis
459 2564 610 2646 ferendis,
633 2566 665 2631 in
688 2565 748 2631 hac
769 2564 909 2631 Sessione
932 2563 1124 2650 (1881181881,
1156 2565 1201 2630 818
1227 2583 1275 2631 me
1298 2565 1382 2630 Deus

223 2668 354 2753 adjuvet
377 2671 408 2736 et
431 2668 508 2735 haec
530 2667 643 2735 Sancta
670 2669 727 2736 Dei
751 2668 930 2753 Evangelia.

330 2774 365 2838 2⁰
388 2773 453 2858 Ego
473 2774 512 2840 N.
537 2773 707 2840 canonicus
731 2774 769 2840 N.
793 2773 875 2838 idem
891 2771 1033 2857 spondeo,
1060 2791 1153 2840 voveo
1176 2774 1208 2839 et
1228 2773 1313 2858 juro;
1336 2773 1382 2838 eic

225 2896 277 2942 me
301 2877 394 2956 Dens,
418 2881 476 2944 etc.

244 2981 280 3048 V.
315 2983 485 3048 »Absentes
509 3001 567 3048 non
592 2983 695 3050 valent
716 3003 770 3067 per
789 2982 912 3049 litterae
930 2984 1037 3049 sotum
1060 3001 1150 3048 enum
1172 2981 1302 3066 aperire,
1324 2981 1380 3048 sed

141 3104 212 3167 »per
235 3087 475 3170 procuratorem,
498 3106 514 3153 o
536 3088 654 3172 gremio
676 3086 812 3172 (lupituli
835 3087 1029 3171 eligendum,
1060 3088 1093 3152 et
1118 3086 1273 3152 munitum
1297 3086 1378 3170 legi·

140 3190 237 3255 »timo
257 3191 422 3270 mandato,
454 3191 535 3275 qnod
570 3209 628 3258 nou
659 3194 761 3275 potest
784 3190 909 3257 admitti
933 3190 992 3256 nisi
1016 3193 1141 3274 proptor
1162 3210 1287 3256 oausam
1310 3209 1381 3257 vere

142 3294 382 3374 successorium,
409 3295 491 3361 clare
513 3295 700 3379 descriptam
724 3298 756 3361 et
778 3294 922 3379 Capitulo
943 3294 1152 3379 probandam:
1182 3294 1231 3361 uel
1256 3296 1381 3379 propter

140 3399 314 3466 »infirmam
339 3399 564 3479 ualetudinmn,
600 3419 661 3485 quo
683 3403 715 3465 iu
735 3419 826 3477 caen,
861 3400 1051 3484 exprimatur
1079 3400 1160 3484 quod
1190 3399 1228 3464 de
1254 3399 1382 3466 consilio

140 3505 251 3580 »unius
271 3503 383 3570 saltem
406 3503 519 3570 medici
540 3505 574 3570 et
596 3505 686 3572 unius
708 3503 866 3583 canonici,
898 3504 1082 3570 documento
1110 3504 1170 3587 ipsi
1192 3504 1383 3570 88881888τί-

139 3608 317 3686 »houtium,
352 3608 531 3692 capitularis
566 3609 672 3693 nequit
703 3608 820 3675 adesse.
875 3609 1062 3674 Procurator
1093 3610 1142 3674 est
1171 3607 1382 3674 admittendus

141 3711 325 3778 »dumtaxat
346 3712 386 3778 ad
406 3719 471 3780 tres
492 3713 632 3792 schedas,
660 3713 837 3790 tradendas,
859 3714 1053 3779 continentes
1068 3713 1192 3781 nomina
1208 3714 1240 3778 et
1255 3732 1382 3797 praeno·

141 3817 245 3882 »mina
267 3816 530 3902 deligendorum«
567 3816 709 3904 (Archiv,
732 3821 756 3882 t.
779 3818 831 3884 52.
854 3836 904 3901 pp.
926 3817 1002 3897 896,
1027 3817 1103 3896 427,
1123 3818 1212 3896 436).

242 3921 296 3988 VI.
336 3920 541 4008 »Suffragia«

328 4025 362 4090 1⁰
385 4025 442 4092 »ln
463 4025 587 4110 scriptis
609 4025 776 4104 dabuntur,
801 4025 889 4092 nulla
912 4025 1101 4094 discussione
1124 4025 1325 4110 praecedente
1348 4028 1383 4094 18

226 4132 397 4196 »conuentu
419 4130 612 4215 capitulari«
661 4131 802 4216 (Archiv,
824 4131 848 4196 t.
874 4131 927 4195 52.
949 4147 979 4214 p.
1002 4129 1093 4212 427).

326 4235 362 4300 2⁰
386 4235 456 4301 »Ite
477 4235 623 4320 plioauda
644 4243 727 4316 sunt,
751 4237 787 4300 nt
809 4252 870 4300 non
893 4233 953 4300 uisi
975 4252 1085 4301 nomen
1103 4235 1304 4318 proponendi
1317 4236 1382 4321 legi

229 4339 372 4423 »possita
420 4338 561 4425 (Archiv,
581 4341 604 4406 l.
625 4341 675 4426 8.).

328 4444 365 4510 4⁰
391 4443 531 4512 »Nomou
555 4447 763 4528 proponaris
783 4447 916 4515 interius
940 4447 1111 4527 scribatur,
1143 4451 1176 4515 et
1197 4449 1380 4536 suffragium

231 4547 291 4614 »sit
313 4549 388 4615 beno
409 4547 549 4615 clausum
571 4549 677 4635 sigillo
699 4569 758 4616 non
782 4555 883 4621 uoto«
930 4553 1072 4639 (Archiv,
1093 4553 1112 4620 Ι.
1136 4556 1187 4637 8.).
