3159 4917
180 203 243 268 362
288 219 401 276 aeona
419 219 503 278 xrrr.
523 219 569 275 sa.
588 219 656 276 uec.
676 219 751 276 rssa
769 219 1012 290 arcarepocopa
1029 225 1059 275 ee
1078 221 1232 290 episcopa
1251 218 1418 275 satanae„

179 391 362 458 dominetur.
389 429 426 440 -
445 392 550 458 lttiam
574 391 756 458 refellantur
775 393 897 476 oportet
919 393 952 457 et
972 392 1185 457 convellantur
1203 410 1320 456 errores
1340 392 1420 457 mul·

178 496 310 580 tiplices,
333 495 395 579 qui,
420 497 470 562 vel
493 495 669 580 ignorantia
693 496 740 559 vel
763 495 963 578 improbitate
986 495 1035 560 uel
1059 494 1278 579 praeiudicatis
1300 494 1418 579 opinio-

180 601 268 666 nibus
290 600 396 680 exorti,
422 603 541 666 mentes
564 599 723 666 hominum
744 619 886 685 perversa
908 601 1040 665 avocant
1062 618 1080 664 a
1104 601 1236 666 veritate
1258 599 1419 680 catholica,

178 707 211 770 at
232 705 386 788 quoddam
411 705 523 772 animis
550 703 709 769 fastidium
741 705 807 768 eius
830 706 1009 789 aspergunt.
1053 703 1121 769 Hoc
1144 723 1255 770 munus
1279 724 1420 789 permag·

178 829 252 874 uum
274 809 354 893 quod
375 811 423 873 est
444 809 607 874 exhortati
627 811 662 874 ia
681 809 826 874 doctrino
846 830 947 886 eona,
977 816 1006 874 et
1038 829 1089 875 eoa
1119 811 1174 892 qui
1203 809 1421 876 contradicant

179 933 309 998 aequae
333 913 410 996 (Tit.
435 914 467 989 I,
491 913 541 998 9),
574 914 613 978 ad
641 912 777 978 ordinem
803 914 938 995 pertinet
961 912 1172 991 sacerdotum,
1201 913 1255 996 qui
1280 912 1420 998 legitime

180 1017 356 1082 habueruut
378 1037 396 1081 a
415 1017 538 1083 Christo
564 1017 693 1082 Domino
716 1017 911 1101 impositum,
945 1037 1039 1101 quum
1064 1017 1168 1082 divint
1191 1017 1244 1081 ille
1265 1019 1421 1100 potestate

180 1119 300 1186 dimisit
315 1122 354 1184 ad
371 1123 479 1205 gentes
495 1123 652 1186 universas
668 1121 838 1187 docendas:
862 1122 981 1188 Eunias
1005 1124 1039 1187 ia
1060 1122 1211 1186 mundam
1230 1123 1420 1197 universam,

175 1225 359 1306 praedicate
381 1227 573 1310 evangelium
596 1227 680 1290 omni
699 1232 862 1292 creaturae
885 1224 992 1310 (Marc.
1010 1225 1093 1303 XVI,
1113 1226 1184 1309 15);
1207 1226 1254 1290 ita
1275 1225 1367 1307 plane
1385 1225 1422 1288 ut

180 1329 332 1412 episcopi,
362 1329 395 1394 in
427 1329 643 1412 Apostolorum
675 1329 776 1394 locum
806 1329 953 1405 sulrlecti,
985 1331 1122 1412 praesint
1145 1329 1287 1412 magistri
1310 1330 1341 1393 in
1363 1329 1421 1393 lle-

180 1432 274 1498 olesia
298 1432 369 1508 Dei,
393 1433 563 1517 presbyteri
586 1433 741 1502 adiutores
768 1434 925 1500 accedant.
947 1470 989 1482 -
1011 1433 1224 1499 sanctioribus
1247 1433 1330 1497 hisce
1353 1452 1420 1514 par-

171 1536 265 1601 ·tibus
280 1536 368 1620 plene
383 1537 586 1620 perfecteque,
602 1537 628 1601 si
642 1537 720 1602 alias
736 1557 880 1621 unquam,
899 1538 977 1602 satis
999 1537 1115 1603 factum
1134 1538 1181 1602 est
1196 1537 1228 1604 in
1245 1537 1420 1620 primordiis

180 1639 338 1724 religionis
371 1641 493 1706 nostrae
526 1641 716 1724 saeculisque
749 1643 1024 1727 consequentibus,
1057 1660 1111 1723 par
1144 1660 1230 1717 eam,
1263 1660 1341 1725 quae
1368 1640 1420 1704 diu

181 1745 311 1822 exarsit,
347 1747 510 1811 maximam
545 1745 774 1811 dimicationem
809 1764 879 1809 curn
904 1744 1046 1810 ethnicae
1069 1745 1295 1827 superstitionis
1314 1746 1421 1830 tyran·

181 1847 270 1913 nido:
294 1849 374 1914 undo
393 1853 459 1914 tam
481 1851 617 1933 amplam
641 1850 749 1916 cohors
773 1849 973 1916 sacerdotalis
989 1849 1115 1934 collegit
1131 1849 1273 1933 gloriam,
1296 1848 1421 1932 amplis·

181 1951 351 2037 simamque
373 1954 585 2020 sanctissimus
607 1955 681 2020 ordo
705 1955 831 2020 Petrum
858 1958 888 2020 ct
912 1953 1096 2031 Doctorum,
1118 1973 1249 2038 quorum
1269 1953 1421 2037 sapientia

181 2059 213 2122 et
233 2057 408 2140 eloquentia
439 2059 469 2123 iu
493 2078 613 2125 omnem
640 2059 820 2123 memoriam
844 2062 875 2124 et
899 2059 1132 2125 admirationem
1156 2058 1316 2124 florebunt.
1362 2058 1421 2123 Per

181 2161 262 2244 ipsos
285 2181 392 2246 nempe
415 2163 553 2229 doctriua
574 2164 743 2228 christiana
765 2163 912 2228 subtilius
934 2166 1088 2239 tractata,
1112 2163 1235 2228 uberius
1258 2163 1421 2245 explicata,

180 2267 407 2348 pugnacissime
430 2268 568 2346 defensa,
603 2287 638 2333 eo
672 2268 772 2351 magis
807 2269 939 2333 ueritate
965 2271 997 2332 et
1020 2266 1211 2350 praestantia
1230 2269 1420 2350 patuit'sut,

180 2389 304 2453 prorsus
327 2369 450 2437 dirint:
474 2375 580 2437 contra
598 2372 695 2438 iacuit
717 2373 857 2437 doctrina
875 2372 1078 2450 ethnicorum,
1104 2372 1150 2436 rel
1168 2371 1300 2438 indoctis
1318 2371 1419 2435 redar-

181 2475 259 2558 guta
273 2477 306 2539 st
321 2480 505 2560 contempta,
528 2481 563 2541 ut
579 2495 658 2561 quae
677 2476 753 2542 nihil
772 2477 831 2541 sibi
848 2481 1061 2554 consentanea,
1086 2475 1282 2559 perabsurda,
1306 2475 1419 2558 inepta.

182 2579 398 2663 Nequidquam
423 2601 492 2648 varo
515 2581 633 2647 connisi
656 2587 730 2646 suut
751 2581 933 2658 adversarii,
958 2583 991 2645 ut
1015 2599 1138 2646 cursum
1162 2600 1231 2646 eam
1255 2580 1422 2663 sapientiae

181 2683 352 2749 catholicae
375 2685 534 2750 tardarent
556 2689 588 2752 et
611 2675 872 2762 intercluderentr
906 2685 1112 2769 nequidquam
1143 2705 1272 2769 graec-ae
1298 2685 1420 2749 scholas

180 2787 401 2871 philosophiae,
425 2790 609 2873 platonicam
633 2791 663 2854 in
688 2791 795 2874 primis
811 2791 843 2855 et
860 2790 1081 2864 aristoteleam,
1105 2790 1420 2874 magnificentioribus

180 2911 254 2956 sano
277 2893 378 2957 verbis
399 2894 585 2959 obiecerunt.
632 2895 737 2959 Nostri
760 2895 843 2959 enim
865 2876 962 2978 neque
982 2894 1067 2959 istud
1093 2895 1218 2977 quidem
1244 2895 1420 2959 certaminis

181 3015 278 3079 genus
307 2997 515 3076 declinantes,
544 2999 581 3062 ad
613 2997 810 3082 philosophos
840 2998 977 3065 ethnicos
1005 2999 1220 3082 applicuerunt
1243 2998 1368 3081 ingenia
1389 3000 1421 3062 et

181 3099 297 3166 studia:
317 3119 396 3185 quae
412 3104 541 3186 quisque
557 3121 660 3167 eorum
678 3103 830 3187 professus
846 3104 936 3180 esset,
955 3101 1128 3168 incredibili
1145 3122 1240 3185 paena
1258 3101 1422 3186 diligentia

180 3206 328 3284 scrutati,
351 3207 620 3273 consideraverunt
643 3207 784 3290 singula,
813 3207 1042 3290 expenderunt,
1072 3207 1285 3271 coutulerunt:
1322 3208 1422 3273 multa

180 3310 254 3372 suut
277 3309 352 3392 ipsis
374 3311 488 3376 reiecta
510 3313 566 3376 aut
587 3312 769 3390 emendata,
793 3331 854 3377 nou
873 3331 971 3395 pauca
994 3331 1146 3394 exaequo
1167 3313 1297 3394 probata
1319 3315 1350 3376 et
1371 3331 1421 3376 ac-

181 3415 286 3495 cepta:
311 3413 368 3480 hoc
389 3415 484 3482 etiarn
510 3417 550 3482 ab
571 3417 646 3499 ipsis
670 3419 811 3499 apertum
836 3421 867 3481 et
889 3417 1046 3501 prolatum
1069 3418 1125 3494 est,
1151 3435 1187 3481 ea
1206 3415 1328 3499 quidem
1344 3435 1422 3500 quas

180 3517 248 3600 ipsa
271 3518 390 3585 ratione
414 3522 445 3585 et
467 3521 677 3604 intelligentia
701 3521 834 3586 hominis
857 3521 936 3586 falsa
958 3540 1024 3586 esse
1046 3521 1263 3598 revirmantur,
1291 3539 1326 3584 ea
1351 3522 1422 3584 tan·

180 3621 339 3688 tummodo
362 3625 517 3690 advorsari
541 3624 696 3692 doctrinae
720 3626 919 3703 christianae,
939 3626 1015 3691 adeo
1038 3626 1074 3690 ut
1098 3625 1170 3690 huic
1191 3624 1348 3689 doctrinae
1370 3623 1422 3706 qui

181 3725 328 3792 obsistere
350 3729 426 3794 velit
448 3732 481 3795 ot
502 3729 670 3814 refragari,
702 3730 784 3794 idem
815 3749 889 3796 suas
919 3731 1016 3813 ipsius
1044 3731 1214 3794 necessario
1237 3729 1369 3794 obsistat
1390 3731 1422 3793 et

180 3830 354 3915 refragetur
375 3835 499 3900 rationi.
541 3835 716 3900 Istiusmodi
741 3839 898 3920 pugnatas
921 3837 995 3902 sunt
1018 3853 1139 3919 pugnae
1162 3855 1181 3898 a
1202 3833 1344 3916 patribus
1358 3832 1422 3897 illis

181 3935 313 4014 uostris,
347 3940 440 4021 atque
470 3939 606 4005 illustres
640 3947 744 4022 partae
775 3941 941 4017 victoriae,
973 3958 1087 4023 eaeque
1110 3957 1169 4004 nou
1196 3939 1310 4003 virtuto
1332 3937 1421 4001 modo

180 4042 333 4126 armisque
357 4041 427 4107 fidei
451 4047 575 4126 partae,
607 4044 658 4109 scd
689 4044 813 4109 auxiliis
840 4064 959 4129 quoque
987 4045 1141 4109 humanae
1164 4043 1314 4108 rationis:
1344 4061 1421 4125 quae
1522 4043 1530 4054 '

179 4145 311 4224 scilicet,
342 4146 445 4211 lumen
477 4148 667 4232 praeferente
690 4149 843 4231 sapientia
864 4150 1010 4224 caelesti,
1043 4169 1078 4214 ex
1105 4167 1206 4212 rerum
1232 4147 1421 4229 ignoratione

180 4249 382 4332 complurium
403 4253 435 4316 et
456 4253 543 4336 quasi
568 4271 603 4317 ex
626 4271 760 4317 errorum
781 4253 868 4327 silua,
894 4253 1035 4319 veritatis
1058 4254 1117 4316 iter·
1133 4250 1220 4335 pleno
1241 4251 1339 4331 gradu
1356 4253 1422 4314 arat

179 4353 328 4436 ingressa.
353 4393 393 4402 -
417 4355 504 4422 Haec
526 4375 599 4420 sane
623 4357 818 4422 admirabilis
848 4357 919 4422 tldei
952 4378 1021 4422 cum
1058 4358 1176 4422 ratione
1206 4356 1363 4420 consensio
1389 4358 1421 4418 et

180 4458 375 4539 conspiratio,
398 4479 583 4542 quamquam
606 4461 740 4544 operosis
762 4461 930 4527 multorum
956 4462 1068 4527 studiis
1090 4463 1200 4525 ornata
1222 4461 1280 4537 est,
1305 4463 1418 4534 tamen,

179 4560 208 4623 in
232 4579 292 4626 uno
314 4561 399 4626 velut
417 4566 584 4630 constricta
606 4565 744 4632 aedificio
764 4584 884 4649 unoque
907 4566 938 4631 in
962 4571 1125 4650 conspectu
1147 4565 1293 4648 exposita,
1315 4563 1417 4629 elucet
