3159 4917
333 179 427 236 Iaotr.
448 177 478 236 0.
496 182 533 238 dc
554 181 587 236 P.
606 181 640 238 Id.
657 181 704 236 27.
722 178 816 252 April
834 181 906 236 1871
925 183 963 238 dc
981 186 1029 240 tlt.
1046 185 1185 240 ordinat.
1322 167 1384 233 119
1506 160 1555 237 ,Ῑ

149 353 313 433 ῑετᾱίοἰῒιπ,
325 353 358 419 in
381 353 575 440 Religionem
598 352 720 437 ingredi
740 354 855 438 absque
875 354 968 421 venia
984 354 1016 424 S.
1033 355 1138 434 Sodis;
1162 357 1229 442 ejus
1251 376 1384 442 namque

144 456 254 542 jndicio
277 460 466 524 reservatum
491 460 547 538 est,
570 459 695 542 praevie
716 457 886 538 Ordinarii,
906 459 957 525 cui
978 460 1139 539 intererit,
1162 461 1312 527 relatione
1332 463 1384 547 jn·

146 563 253 641 dicare,
277 565 380 629 utrum
404 563 596 642 missionum,
622 581 751 646 quarum
776 563 948 630 servitioli
970 567 1043 631 snnt
1065 563 1193 643 addicti,
1217 567 1384 633 necessitas

145 666 174 732 id
195 667 340 750 patiatur.
383 667 509 732 Scilicet
533 666 692 751 publicum
713 667 828 734 bonum
849 669 969 752 privato
993 669 1161 736 antecellat
1184 672 1322 754 oportet,
1347 689 1385 736 ea

145 771 285 838 nimirum
308 772 444 851 ratione,
466 791 528 857 qna
551 771 705 856 aliquibus
728 771 897 838 Ordinibus
919 792 1097 841 concessum
1120 777 1185 853 est,
1217 795 1258 841 ne
1278 793 1383 841 eorum

145 875 291 961 religiosis
309 876 348 942 ad
363 877 527 943 arctiorem
541 877 608 942 sina
626 895 750 942 suorum
766 876 964 961 Superiorum
978 877 1105 945 licentia
1119 879 1252 945 transire
1271 880 1318 947 las
1331 880 1382 946 sit.

240 981 296 1047 XI.
331 981 596 1065 Quemadmodum
620 981 675 1047 alii
698 981 803 1060 tituli,
831 982 877 1047 ita
907 983 1002 1049 etiam
1025 983 1095 1063 hic,
1126 983 1243 1068 dequo
1267 985 1382 1068 agitur,

141 1085 224 1169 juxta
247 1086 408 1152 canonicas
430 1087 604 1152 sanctiones
628 1086 733 1152 amttti
754 1088 867 1170 potest,
890 1088 983 1172 atque
1004 1088 1042 1153 ab
1064 1087 1238 1155 Ordinariis
1259 1090 1383 1169 auferri,

144 1189 178 1256 de
200 1209 349 1258 consensu
369 1192 475 1258 tamen
499 1190 529 1256 S.
554 1188 821 1274 Congregationis,
843 1190 931 1276 cujus
946 1193 994 1258 est
1008 1192 1054 1258 sic
1069 1192 1226 1260 ordinatos
1241 1194 1384 1278 praestIti

140 1295 305 1379 juramenti
327 1295 449 1362 vinculo
470 1294 633 1363 exsolvere.
675 1294 763 1378 Quod
792 1295 820 1360 si
846 1295 959 1362 amisso
990 1297 1084 1363 titulo
1112 1298 1302 1382 generatim,
1330 1299 1385 1364 aut

142 1399 231 1464 etiam
254 1400 350 1465 titulo
374 1399 549 1479 MIsaionis,
584 1399 663 1466 alter
697 1400 725 1465 ei
760 1419 820 1466 non
855 1401 1083 1480 substituatur,
1117 1400 1266 1471 Sacerdos
1299 1404 1384 1469 haud

143 1507 300 1588 propterea
321 1507 460 1572 remanet
483 1522 666 1588 suspensum
698 1505 750 1570 sed
784 1504 941 1572 OrdInarii
963 1507 1110 1572 tenentur
1133 1507 1315 1591 compellere
1334 1527 1384 1574 or-

142 1608 259 1676 dinatos
283 1608 323 1675 ad
346 1608 476 1675 alterius
498 1609 584 1674 tituli
606 1609 867 1694 subrogationem,
891 1612 983 1694 prout
1005 1611 1099 1676 sacris
1122 1612 1290 1678 canonibus
1312 1631 1382 1678 con-

144 1713 256 1780 sultum
281 1715 338 1781 est.
380 1713 416 1779 ld
437 1712 531 1780 Sacra
552 1715 629 1780 hacc
652 1712 860 1799 Oongregatio
881 1714 913 1780 in
935 1715 1133 1800 generalibus
1155 1716 1297 1783 Oomitiis
1320 1717 1382 1783 diei

144 1820 168 1884 1.
191 1816 382 1903 Septembris
407 1819 491 1884 1856
509 1818 692 1886 declaravit.

238 1923 312 1991 XII.
350 1924 472 1990 Pariter
494 1922 674 1990 Sacerdotes
693 1925 861 2008 regulares,
882 1925 936 2008 qui
957 1925 1030 1990 rota
1052 1924 1202 1992 solemnia
1218 1944 1380 2010 nuncupa·

140 2029 219 2105 runt,
243 2030 338 2112 atque
360 2047 397 2094 ex
416 2028 594 2112 Apostolica
614 2028 811 2113 Indulgentia
833 2029 866 2093 in
892 2028 1015 2094 saeculo
1030 2031 1133 2096 virere
1148 2030 1396 2113 permittuntur,·

142 2131 186 2196 rel
208 2131 264 2216 qui
286 2131 448 2200 ediderunt
470 2135 543 2198 rota
565 2131 719 2216 simplicia
742 2135 774 2200 et
797 2153 813 2198 e
832 2133 897 2198 suis
919 2133 1219 2218 congregationibus
1250 2154 1305 2201 seu
1326 2136 1382 2200 In-

142 2236 261 2304 stitutis
282 2237 398 2322 egrossi
421 2239 509 2314 sunt,
537 2255 575 2302 ne
607 2257 677 2303 cunr
711 2238 827 2322 proprii
861 2237 976 2322 gradum
1009 2237 1157 2306 dedecore
1191 2239 1384 2305 emendicare

143 2343 301 2426 cogantur,
324 2341 364 2406 ad
387 2342 447 2408 sibi
469 2341 507 2408 do
530 2343 675 2408 canonico
696 2343 789 2408 titulo
804 2341 1025 2426 providendum
1043 2342 1238 2428 obligentur3
1262 2344 1293 2409 in
1308 2344 1384 2410 locis

141 2464 208 2512 roro
231 2445 415 2512 Missionnm
439 2446 499 2530 ipsi
519 2447 647 2530 probare
670 2445 780 2513 saltem
800 2449 964 2525 tenentur,
998 2447 1058 2512 sibi
1086 2448 1248 2531 suppetere
1271 2448 1383 2527 media,

141 2550 249 2633 quibus
270 2551 410 2635 propriae
432 2550 682 2632 substentatio'ni,
706 2553 742 2616 ut
765 2571 821 2634 par
843 2554 898 2632 est,
923 2550 1095 2619 consulant.

241 2655 332 2720 XIII.
367 2654 427 2737 Qui
449 2655 543 2721 titulo
566 2657 669 2722 certae
692 2655 824 2740 altcujus
844 2655 1003 2722 Missionis
1025 2655 1065 2721 ad
1085 2653 1310 2723 ecclesiasticos
1326 2655 1384 2724 Or·

141 2757 225 2824 dines
246 2759 483 2839 adscenderunt,
506 2760 559 2826 ubi
583 2760 771 2826 Missionarii
794 2759 931 2826 officium
952 2759 1136 2840 dimiserint,
1160 2760 1383 2844 proculdubio

141 2882 227 2930 suum
255 2865 407 2930 amittunt
427 2865 575 2944 titulum,
606 2884 642 2931 ac
673 2865 710 2932 de
741 2865 802 2932 alio
824 2864 885 2931 sibi
907 2865 1066 2949 providere
1089 2864 1222 2942 debent3
1255 2865 1282 2930 si
1313 2884 1383 2931 vero

142 2967 270 3034 alterius
289 2969 443 3034 missionis
465 2969 591 3036 servitio
611 2969 808 3053 deputentur,
830 2972 868 3036 ut
890 2970 981 3054 hujus
1004 2970 1161 3036 Missionis
1187 2970 1314 3036 titulum
1333 2989 1383 3036 as·

141 3074 276 3151 sumant,
300 3092 379 3139 nova
401 3092 476 3157 opus
499 3075 559 3139 erit
581 3072 612 3141 S.
636 3073 725 3140 Sedis
746 3075 958 3152 concessione;
980 3093 1079 3158 neque
1101 3075 1183 3140 enim
1206 3075 1250 3140 eis
1272 3075 1383 3140 suffra·

142 3177 232 3259 gatar
255 3176 397 3258 tacultas,
421 3177 560 3263 siquam
583 3177 753 3244 obtinuerit
778 3179 845 3263 ejus
873 3178 1027 3245 missionis
1049 3178 1240 3258 Ordinarius,
1264 3199 1380 3245 memo-

141 3282 206 3347 rato
225 3281 320 3347 titulo
342 3281 477 3348 Olericoa
500 3281 671 3350 ordInondi.
1304 3289 1316 3314 ⁶

243 3385 329 3451 XIV.
351 3385 505 3453 Ordinarii
528 3387 559 3452 in
583 3386 780 3453 missionibus
802 3388 932 3453 utantur
954 3405 1048 3470 opera
1069 3387 1196 3453 illorum
1219 3387 1315 3453 etiam
1331 3407 1381 3454 sa·

141 3490 316 3569 cerdotum,
348 3489 401 3573 qui
424 3491 495 3557 aliis
521 3490 620 3558 titulis
643 3492 683 3556 ad
706 3509 811 3558 saeros
833 3490 964 3559 Ordines
986 3490 1116 3557 admissi
1138 3493 1282 3572 luerunt,
1313 3511 1381 3558 ser-

141 3595 219 3661 ratis
244 3594 283 3659 de
304 3594 372 3680 jure
394 3595 572 3673 servandis3
597 3615 694 3681 neque
716 3596 798 3662 enim
819 3596 879 3680 ipsi
901 3597 1030 3680 possunt
1052 3615 1103 3663 eos
1126 3595 1321 3682 adstrlngere
1342 3596 1382 3662 ad

141 3697 269 3764 titulum
291 3698 446 3766 missIonis
468 3701 708 3783 subrogandum.
740 3699 822 3782 Quin
843 3701 939 3766 immo
958 3701 1104 3766 hortatur
1126 3699 1156 3766 S.
1175 3699 1382 3785 Oongregatio

142 3801 335 3882 Ordinarius,
366 3805 402 3869 ut
432 3807 582 3888 quantum
605 3804 673 3870 fieri
695 3807 814 3888 potest,
844 3805 899 3870 alii
922 3823 1042 3889 quoque
1064 3804 1199 3890 legitimi
1221 3804 1309 3870 tltnli
1328 3825 1383 3889 pro

142 3924 227 3973 sacra
250 3907 451 3974 Ordinatione
474 3908 717 3975 introducantur.

242 4011 310 4079 XV.
345 4012 483 4078 Tandem
501 4012 596 4080 Sacra
612 4013 818 4099 Oongregatio
834 4013 1082 4080 animadvertens
1097 4015 1287 4081 Incremento
1304 4013 1383 4080 Ilis-

143 4113 258 4181 sionnm
282 4117 449 4200 plurimum
472 4136 560 4201 posse
584 4118 760 4198 conducere,
785 4118 812 4183 si
834 4119 887 4202 qni
908 4119 940 4183 in
957 4117 1105 4203 collegiis
1120 4118 1185 4184 sive
1202 4117 1383 4186 Seminariis

144 4219 300 4306 utriusque
323 4219 417 4300 Oleri,
439 4221 593 4307 euangelii
616 4241 779 4306 praecones
804 4241 873 4289 mox
894 4223 992 4288 futuri
1014 4222 1138 4289 educati
1152 4225 1235 4301 sunt,
1260 4224 1310 4290 vel
1329 4225 1382 4308 qni

143 4322 233 4390 titulo
255 4325 410 4392 Missionis
434 4325 474 4391 ad
496 4326 627 4392 Ordines
648 4326 734 4393 luere
756 4329 899 4411 promoti,
926 4329 1029 4392 animo
1051 4327 1222 4394 identidem
1245 4329 1382 4395 recolant

141 4426 367 4511 jusjurandum,
396 4449 511 4514 quoae
534 4431 780 4511 obstrinxerunt,
812 4430 993 4515 cooperandi
1016 4433 1080 4498 Deo
1104 4432 1136 4498 in
1156 4433 1289 4499 salntem
1310 4433 1378 4498 ani-

145 4549 278 4616 marnm;
300 4553 350 4600 eos
373 4535 526 4615 hortatur,
551 4537 585 4600 nt
607 4535 640 4600 in
662 4554 757 4601 annos
780 4537 918 4622 singulos
941 4537 1152 4603 anniversaria
1174 4536 1224 4601 die
1239 4537 1382 4620 praestiti
