3159 4917
324 230 418 288 roser.
438 227 469 287 0.
486 233 523 288 oe
545 231 577 286 Ρ.
595 229 630 287 F.
647 231 694 286 27.
711 228 805 301 Apros
822 232 896 287 1871
914 233 952 288 oe
970 235 1018 288 tec
1035 235 1173 289 comae.
1309 218 1376 285 117,

139 403 217 468 tituli
245 402 478 471 extraordinarii
508 403 651 470 censendi
673 406 748 470 sunt
766 423 804 471 ne
827 405 925 472 relnti
946 423 983 472 ex
1005 404 1234 489 dispensatione
1256 407 1371 474 admit·

139 509 248 588 tnntnr,
270 508 297 574 si
319 507 465 574 nimirum
489 507 657 593 Episcopus
680 529 733 594 pro
756 509 913 576 Ecclesiae
936 511 1120 578 necessitate
1141 513 1197 577 ant
1211 512 1371 580 commodo

139 611 263 694 aliquem
284 612 332 678 ita
354 613 558 680 ordinandum
581 632 648 680 esse
668 613 856 699 judicaverit
871 615 907 700 ¹).

232 715 288 782 Ill.
322 716 557 784 Ecclesiasticus
579 737 651 784 vero
674 717 787 785 titulus
808 717 841 784 in
864 719 1072 803 &sepeciem
1091 718 1311 800 subdividitur,
1334 739 1372 787 ao

131 822 337 904 paupertatis,
360 822 473 906 quibus
494 823 575 889 eliae
596 823 749 908 quaedem
769 823 869 889 veluti
891 823 1094 890 subsidiariae
1116 826 1210 908 utone
1229 826 1369 890 extraor-

137 925 265 991 dinariae
286 926 403 1010 species
425 926 618 1012 adjiciendae
640 928 733 1005 sunt,
763 927 852 994 tituli
882 946 993 1011 nempe
1024 929 1159 996 Meeece
1180 927 1371 1009 Communis,

137 1030 220 1113 abne
241 1029 372 1098 Sectis*
393 1031 571 1112 Ecclesiae,
595 1031 782 1112 Miseiooe‘s,
811 1032 1041 1117 Sufficieute'oe,
1073 1035 1105 1099 et
1130 1032 1268 1118 Ocllepe'i.
1314 1035 1373 1100 lest

136 1135 229 1200 antem
253 1135 367 1201 titulus
389 1136 528 1203 beneficii
556 1136 608 1220 jos
631 1139 813 1221 perpetuum
847 1137 1035 1221 percipiendi
1066 1136 1188 1204 fructus
1214 1156 1251 1203 ex
1283 1139 1371 1205 bonis

136 1237 282 1306 Ecclesiae
304 1242 429 1325 propter
451 1241 588 1308 officinm
611 1241 735 1326 aliquod
757 1241 929 1325 spirituale,
953 1241 1164 1308 ecclesiastica
1179 1243 1372 1309 anctoritate

135 1343 348 1424 constitutum
371 1347 464 1430 etque
484 1345 536 1414 hic
557 1345 731 1412 ordinarius
750 1364 787 1413 uc
810 1347 993 1430 praecipuus
1014 1346 1129 1412 titulus
1151 1365 1257 1412 sacroe
1279 1345 1373 1414 Ordi-

134 1446 261 1514 nationis
282 1448 345 1515 dici
367 1445 459 1516 debet
473 1451 507 1532 ²).

228 1551 284 1618 IV.
319 1553 523 1637 Paupertate
545 1572 616 1620 vero
638 1554 752 1622 titulus
774 1553 808 1619 in
827 1553 973 1640 religiosa
1001 1554 1188 1638 professione
1217 1555 1267 1621 est
1290 1554 1372 1639 posi·

134 1655 194 1736 tus,
216 1657 247 1723 ui
268 1657 358 1742 cujus
380 1657 433 1743 qui
453 1657 603 1726 solemnia
628 1659 700 1724 rota
722 1657 755 1722 in
774 1657 906 1741 probata
929 1657 1091 1744 Religione
1114 1659 1299 1739 emiserunt,
1322 1661 1371 1726 sel

132 1777 164 1826 er
181 1760 334 1828 reditibus
355 1762 514 1842 bonorum,
537 1762 564 1829 si
584 1781 664 1847 quae
683 1762 819 1846 ipsemet
841 1761 964 1848 Religio
987 1762 1161 1847 possideat,
1186 1764 1234 1831 vel
1256 1782 1293 1830 er
1311 1764 1373 1849 piis

132 1863 262 1933 bdelium
294 1867 514 1952 largitionibus
542 1869 645 1934 omnia
675 1869 851 1934 communie
880 1868 1016 1948 habent,
1046 1887 1176 1952 qnorum
1206 1868 1373 1936 advitam

131 1969 268 2037 alendam
291 1971 444 2058 indigent.
483 1971 580 2054 Quem
605 1991 676 2039 vero
698 1974 811 2038 vocant
832 1975 1006 2040 wmmooie
1027 1993 1154 2040 merasce
1175 1973 1297 2054 titulus,
1321 1993 1372 2041 eos

131 2073 251 2142 clericos
273 2076 415 2162 attingit,
438 2077 492 2161 qni
515 2076 740 2162 Religiosornm
764 2095 848 2142 more
869 2077 900 2141 in
923 2078 1080 2143 communi
1100 2077 1184 2144 ritae
1206 2076 1372 2162 disciplina

131 2177 274 2263 degentes
293 2182 349 2247 aut
372 2181 457 2247 nulla
479 2181 657 2265 nuncupent
678 2183 761 2259 eote,
784 2182 841 2247 ant
857 2179 1011 2264 simplicia
1031 2183 1166 2261 tentum,
1186 2181 1373 2267 proindeque

131 2281 252 2349 edomo
275 2283 421 2369 religiose
440 2283 522 2351 exire
544 2284 598 2350 ent
616 2271 751 2363 dimitti,
775 2287 870 2368 atque
891 2284 933 2350 ad
954 2284 1112 2351 saeculum
1128 2285 1227 2351 redire
1242 2286 1373 2370 permit·

131 2385 243 2451 tuntnr.
290 2386 399 2471 Neque
421 2387 503 2454 enim
526 2388 565 2453 ed
590 2406 641 2454 eos
656 2387 793 2471 pertinet
807 2387 920 2454 titulus
936 2389 1141 2473 paupertatis,
1163 2391 1200 2456 ut
1213 2408 1250 2456 ex
1265 2389 1371 2457 (locst

130 2489 292 2560 Βοιηαιιιιι
315 2491 463 2576 Pontifex
471 2494 497 2579 8)
519 2491 551 2560 S.
575 2492 625 2558 Pii
649 2493 685 2560 V.
709 2493 882 2560 deducitur.
928 2493 1045 2559 Verum
1075 2512 1111 2559 ex
1134 2493 1219 2561 bisce
1242 2493 1373 2561 (llericis

130 2591 334 2661 iidnmtaret
361 2595 532 2662 communis
554 2613 678 2663 mensae
711 2595 804 2662 titulo
834 2595 1005 2680 promoveri
1039 2595 1079 2661 ed
1112 2614 1216 2664 sacros
1249 2598 1373 2664 ordines

130 2702 271 2781 pssunt,
297 2718 429 2784 quorum
452 2699 714 2786 Congregetionee
736 2701 793 2766 eut
814 2700 967 2766 Instituta
988 2699 1138 2784 peculiari
1159 2701 1200 2766 ed
1221 2701 1254 2767 id
1277 2702 1374 2788 privi-

130 2801 206 2888 legio
229 2804 268 2870 ab
293 2804 472 2887 apostolice
491 2803 570 2871 Sede
591 2807 685 2870 encta
707 2804 833 2872 luerint.

228 2909 267 2974 V.
303 2909 427 2976 'titulus
448 2909 580 2978 Serm'td
602 2909 764 2978 Ecclesiae
783 2909 837 2995 qni
867 2909 941 2976 olim
964 2908 1138 2975 ordinarius
1167 2912 1253 2990 erat,
1281 2911 1375 2994 prout

130 3029 218 3096 cupre
240 3014 425 3080 adnotatum
448 3014 519 3090 luit,
543 3016 575 3081 et
598 3016 704 3100 postea
726 3017 826 3081 evasit
845 3014 1116 3091 extraordinarius,
1139 3013 1179 3080 iis
1192 3013 1374 3098 quandoque

130 3117 315 3198 onceditur,
337 3119 484 3203 quicum
508 3117 661 3186 Beneficio
682 3118 891 3185 ecclesiastico
914 3116 963 3185 vel
985 3117 1131 3202 pensione
1152 3119 1296 3197 careant,
1317 3119 1374 3184 eut

129 3221 355 3303 patrimonialia
375 3223 498 3307 aliaque
520 3224 601 3291 bone
622 3243 682 3289 non
712 3223 908 3308 possideant,
939 3239 976 3288 ea
1009 3222 1079 3306 lege
1108 3221 1306 3300 ordinantor,
1337 3224 1374 3287 ut

130 3323 219 3390 adoni
242 3325 400 3392 Ecclesiae
423 3326 488 3392 sint
510 3327 699 3411 mancipati,
732 3347 768 3392 er
801 3326 890 3411 cujus
919 3327 1047 3393 servitio
1076 3329 1109 3394 et
1130 3327 1374 3412 eleemosynisa

129 3425 184 3510 pile
205 3427 470 3497 christifidelibus
492 3431 679 3516 elargieudis
701 3431 892 3498 substentari
914 3431 1044 3523 possint,
1067 3432 1100 3497 et
1122 3431 1160 3496 ab
1184 3431 1291 3496 cadem
1312 3430 1372 3496 lic-

130 3532 222 3600 clesie
245 3533 332 3600 nullo
353 3553 489 3619 unquam
519 3537 657 3620 tempore
691 3537 827 3603 amoveri
860 3535 909 3602 sel
940 3534 1000 3620 ipsi
1033 3535 1175 3601 recedere
1209 3536 1372 3620 ιιιιιιιοιιιι,
1421 3551 1424 3556 ·
1560 3598 1562 3621 ,

131 3635 186 3704 nisi
208 3637 303 3703 eliter
325 3637 370 3704 eis
393 3639 548 3722 provisum
571 3637 682 3717 luerit;
707 3657 766 3723 quo
787 3639 882 3706 titulo
903 3641 940 3705 nt
960 3638 1026 3706 unis
1047 3638 1175 3705 clericis
1199 3657 1301 3705 euoroa
1320 3658 1372 3704 or·

132 3739 214 3806 dines
237 3741 407 3822 conferret,
439 3762 463 3810 a.
488 3763 529 3808 m.
553 3741 675 3809 Sirtnm
698 3743 735 3809 V.
760 3743 963 3811 Patriarcbae
987 3742 1188 3810 venetiarum
1209 3740 1374 3809 indulsisse

266 3849 282 3889 4

134 3846 304 4017 cwig.
325 3949 466 4035 Denique
487 3951 599 4018 titulus
621 3953 805 4032 Misetonis,
827 3952 867 4018 de
889 3972 949 4037 qno
970 3951 1166 4038 potissimum
1190 3950 1259 4018 heic
1274 3969 1375 4018 sermo

133 4053 194 4130 est,
223 4054 451 4136 praetermissis
478 4055 583 4121 titulis
611 4055 826 4140 despectrice
851 4063 881 4124 et
902 4055 1035 4141 Oollwte'
1063 4057 1152 4140 (qnos
1175 4055 1283 4139 ntpote
1303 4073 1375 4121 nero

234 4245 263 4316 1)
284 4245 374 4304 Corte.
394 4247 479 4303 Trtd.
497 4249 554 4303 loc.
574 4249 625 4303 ott.
642 4247 671 4302 et
690 4247 805 4305 Beocd,
825 4248 873 4304 xl
878 4247 910 4304 V.
926 4245 995 4303 Inet
1014 4245 1085 4302 lleol.
1105 4244 1140 4301 26
1155 4262 1186 4303 o.
1206 4245 1230 4301 l.
1248 4251 1278 4302 et
1293 4245 1319 4302 8.

236 4331 264 4402 2)
281 4333 424 4407 Fcpnoee,
440 4331 469 4387 in
486 4331 552 4402 Cap.
568 4331 587 4388 4
607 4335 644 4390 de
664 4333 834 4392 Praebebit
852 4351 884 4390 n.
901 4333 945 4390 24.

237 4417 265 4488 3)
284 4419 371 4476 Prtd.
389 4419 433 4475 ld,
454 4417 557 4476 Octob.
579 4419 656 4478 1568.

236 4504 265 4575 4)
283 4503 433 4576 Campanil.
453 4507 694 4576 momontum
712 4507 960 4566 concuteretur.
981 4507 1090 4580 Caput
1112 4523 1142 4563 ee.
1161 4505 1194 4562 14
1216 4509 1245 4561 et
1265 4504 1376 4562 Gratius

140 4589 184 4647 De
205 4591 331 4663 senape.
349 4597 433 4665 part.
452 4593 476 4660 2,
496 4607 563 4665 cup.
583 4593 624 4649 16.
642 4610 673 4650 eo.
690 4592 732 4648 96.
