3159 4917
224 157 287 223 406
437 174 584 246 Episcopi
599 189 688 245 prov.
706 165 894 257 duritieaeis
914 175 943 230 d.
953 175 981 230 d.
1001 174 1047 232 27.
1066 175 1142 232 Nou.
1165 175 1245 232 1887.

223 348 288 414 sint
310 346 547 431 augustissimae
570 345 747 430 Principum
771 345 925 425 familiae,
958 348 1007 412 eui
1037 348 1310 431 pretiosissimum,
1339 347 1458 430 grauis·

225 455 338 519 simum
360 453 557 535 omniumque
579 452 710 518 maxime
730 452 936 517 necessarium
959 453 1071 518 bonurn
1096 489 1134 500 -
1157 453 1249 518 fidem
1266 451 1460 528 catholicam,

225 561 294 642 post
318 557 416 622 baum
439 556 651 622 conservatam
673 556 796 623 debent.

327 660 472 728 Ceterum
496 659 579 725 baud
600 679 742 726 veremur
763 659 942 726 solemniter
964 660 1015 726 hie
1038 679 1173 728 asserere
1188 659 1295 726 fideles
1311 663 1461 726 terrarum

224 784 316 834 curae
347 767 480 832 Nostrae
510 765 743 830 commissamnr
776 764 906 830 historia
940 766 1020 830 teste
1055 765 1209 830 constanti
1238 783 1359 849 semper
1389 782 1461 848 erga

225 870 479 956 augustissimam
504 868 688 955 Dynaetiam
709 869 827 954 pietate
849 867 974 936 devotos
996 869 1090 935 luisse
1109 889 1145 935 ae
1159 869 1357 934 inconcussae
1374 869 1464 934 huius
1539 951 1540 960 ἵ

224 975 297 1040 lidei
319 975 410 1060 signa
431 973 680 1060 splendidissima
700 973 827 1040 dedisse.
875 971 935 1038 Sed
957 973 1032 1038 iteru
1056 992 1230 1040 asseverare
1254 992 1312 1039 non
1339 973 1462 1037 dubita·

226 1099 295 1146 mus
317 1079 411 1145 etiam
433 1078 465 1144 in
487 1077 639 1161 reliquum
660 1079 783 1161 tempus
807 1076 952 1144 uexillum
977 1077 1122 1144 Austriae
1145 1077 1243 1143 abiis
1266 1096 1325 1144 non
1340 1079 1463 1142 tantum

225 1202 286 1250 non
309 1184 453 1249 relictum
477 1183 525 1260 iri,
549 1201 653 1247 rerum
676 1182 772 1247 etiam
796 1199 914 1265 semper
936 1184 1164 1248 sacrosanctum
1181 1183 1253 1250 lore.
1284 1182 1355 1265 lpse
1372 1182 1464 1246 honor

226 1306 282 1354 nee
300 1307 359 1353 non
382 1286 556 1371 provinciae
579 1286 711 1351 Nostrae
734 1285 859 1369 eiusque
882 1286 1050 1352 incolarum
1073 1287 1161 1364 bona,
1187 1286 1237 1351 cui
1260 1286 1325 1352 Nos
1349 1285 1464 1370 prospi-

225 1411 294 1458 cere
317 1393 446 1476 oportet,
471 1391 657 1470 aestimatio,
680 1389 826 1474 postulat,
850 1392 885 1455 ut
904 1409 940 1457 eo
963 1390 1090 1473 gravius
1111 1391 1304 1474 quarundam
1321 1390 1464 1473 epheme-

226 1497 328 1562 ridnm
351 1496 458 1561 stilum
482 1514 537 1561 nec
560 1514 620 1560 non
641 1495 719 1561 certi
741 1495 863 1578 generis
885 1495 1001 1572 studia,
1024 1513 1101 1578 quae
1122 1496 1161 1561 ab
1184 1493 1298 1560 infimis
1314 1493 1465 1578 usquead

225 1620 362 1667 summos
384 1600 553 1684 probantur
575 1599 705 1676 nemini,
740 1617 838 1683 neque
859 1599 962 1682 populi
982 1599 1061 1665 rotis
1085 1598 1285 1683 respondent,
1314 1599 1371 1665 sed
1395 1616 1465 1664 non·

225 1707 285 1772 nisi
306 1708 380 1789 apta
401 1708 474 1770 sunt
496 1703 633 1781 allicere,
660 1705 697 1768 nt
722 1703 801 1768 tides
831 1704 898 1769 sios
920 1703 1085 1788 patriotica
1104 1722 1235 1787 vereque
1254 1705 1415 1770 austriaca
1436 1702 1464 1766 iu
1541 1783 1542 1792 ἵ

225 1810 353 1875 dubiam
378 1811 512 1887 uocetur,
534 1808 599 1874 alta
621 1826 693 1873 roos
716 1807 921 1891 reprobemus.

329 1913 389 1979 His
413 1912 539 1978 monitis
560 1916 666 1978 tamen
688 1911 790 1978 efficio
807 1912 919 1978 Nostro
943 1912 1077 1978 noudum
1092 1912 1181 1996 plene
1196 1912 1261 1978 Nos
1279 1911 1465 1978 satisfecisse

226 2019 394 2102 putamus3
429 2017 545 2083 etenim
565 2015 757 2095 miseranda,
790 2035 868 2100 quae
891 2016 1072 2102 attigimus,
1107 2016 1191 2082 mala
1212 2035 1249 2082 ac
1270 2035 1348 2100 quae
1371 2036 1408 2082 ex
1430 2016 1465 2080 iis

226 2123 383 2189 minantur
405 2120 551 2206 pericula,
575 2120 744 2204 postulant,
767 2122 804 2186 ut
826 2121 920 2188 certis
941 2121 1077 2188 consiliis
1099 2121 1139 2186 iis
1161 2139 1370 2188 occurramus.

329 2225 432 2308 Quare
453 2244 513 2292 non
537 2224 639 2290 minus
660 2225 889 2306 unctissimas,
919 2244 997 2310 quae
1025 2224 1123 2292 Nobis
1147 2225 1185 2292 de
1208 2225 1298 2291 rebus
1321 2226 1466 2292 eeclesia·
1542 2293 1543 2320 χ

225 2331 313 2396 sticis
335 2331 521 2397 Nostrarum
543 2330 720 2396 dioeceseon
743 2348 798 2396 nee
820 2349 878 2395 non
902 2329 940 2395 de
963 2330 1124 2396 animabus
1144 2348 1236 2396 curae
1252 2330 1388 2397 Nostrae
1404 2349 1465 2396 cre
1542 2325 1543 2330 ’

226 2435 301 2501 ditis
328 2453 430 2501 coram
455 2436 520 2500 Deo
552 2434 715 2518 aliquando
743 2433 900 2500 reddenda
934 2435 1009 2514 erit,
1045 2434 1172 2501 rationis
1206 2435 1338 2512 conscii,
1374 2454 1465 2520 quam

226 2540 365 2624 propriae
388 2539 482 2605 etiam
505 2537 586 2606 Cleri
609 2538 722 2622 ipsius,
754 2539 821 2616 cui,
850 2538 929 2622 quod
952 2538 1068 2624 singuli
1091 2539 1291 2624 delinquunt,
1323 2541 1465 2606 universo

225 2644 375 2728 imputari
397 2643 493 2722 solet,
529 2642 663 2709 utilitati
693 2641 885 2721 consulturi,
918 2661 1023 2709 omnes
1054 2641 1234 2710 Sacerdotes
1263 2647 1295 2709 et
1329 2642 1464 2710 Clericus

225 2748 430 2815 iurisdietioni
463 2747 594 2814 Nostrae
623 2746 776 2814 subiectos
807 2746 998 2814 severissime
1020 2751 1052 2814 et
1073 2748 1130 2814 sub
1157 2747 1350 2814 »obedientia
1369 2767 1463 2814 cano·
1543 2755 1544 2768 ³

227 2854 314 2919 nica«
339 2853 424 2918 hisce
445 2854 595 2929 vetamus,
609 2852 732 2937 propria
752 2851 938 2918 auctoritate
959 2852 1126 2936 quidquam
1146 2853 1291 2919 innovare
1314 2855 1368 2920 aut
1390 2871 1464 2936 qua·

225 2956 408 3042 lemcnnque
429 2959 549 3042 partem
572 2956 684 3022 habere
706 2974 776 3021 eum
798 2956 850 3035 iis,
870 2955 923 3041 qui
943 2956 1104 3042 liturgiam
1127 2958 1159 3022 et
1181 2956 1322 3042 linguam
1339 2957 1464 3041 liturgi-

227 3080 295 3128 cam
322 3062 390 3127 iure
419 3060 627 3127 eeclesiastico
656 3060 808 3126 sancitam
839 3061 1110 3145 quomodocunque
1138 3062 1334 3145 impugnant.
1381 3063 1464 3128 Neue

226 3166 389 3252 quisquam
412 3165 469 3231 bec
491 3166 641 3232 Nostrum
664 3165 798 3230 uetitum
821 3164 956 3250 migrare
977 3166 1026 3231 rel
1041 3166 1200 3251 negligere
1216 3165 1340 3246 audeat,
1365 3185 1463 3243 usum,

226 3271 280 3356 qui
302 3270 378 3336 alibi
398 3270 520 3355 rigeat,
554 3269 774 3354 praeterendo,
805 3289 911 3335 rerum
943 3271 1064 3336 nouerit
1096 3289 1129 3336 se
1157 3270 1194 3336 de
1216 3289 1273 3336 sua
1295 3271 1327 3337 in
1351 3271 1410 3338 hae
1433 3289 1463 3335 re

227 3374 342 3460 agendi
364 3374 484 3440 ratione
506 3393 541 3440 ex
561 3373 601 3439 iis
621 3375 765 3452 tantum,
799 3393 877 3459 quae
908 3393 928 3440 a
958 3375 1167 3460 superioribus
1196 3375 1416 3442 ecclesiasticis
1437 3375 1462 3438 ei

226 3480 391 3564 praecepta
412 3480 497 3559 sunt,
516 3477 681 3563 aliquando
703 3476 874 3544 iudicatum
894 3478 944 3544 iri.

328 3584 409 3649 Item
431 3601 520 3667 porro
542 3585 759 3667 -quatenns
786 3583 818 3648 id
846 3583 968 3649 omnino
998 3602 1073 3667 opus
1105 3583 1153 3652 est
1184 3621 1222 3632 -
1258 3584 1461 3650 necessarium

225 3687 377 3765 ducimus,
399 3688 539 3755 omuibus
561 3687 684 3753 Nostris
707 3687 862 3754 institutis
881 3688 1099 3754 ecclesiasticis
1122 3690 1154 3754 st
1175 3689 1360 3769 seminariis,
1387 3690 1461 3754 item

226 3792 367 3859 omnibus
389 3791 608 3859 Sacerdotibus
630 3794 661 3858 et
686 3791 813 3859 Clericis
835 3792 1026 3858 severissime
1046 3792 1240 3875 interdicere,
1264 3813 1302 3860 ne
1322 3795 1462 3878 epheme-

225 3898 307 3963 rides
332 3897 382 3963 uel
405 3915 513 3980 opera,
540 3914 619 3980 quas
649 3915 743 3980 supra
772 3897 967 3974 notavimus,
1002 3915 1183 3982 qnacnnque
1209 3898 1319 3984 lingua
1349 3898 1461 3980 scripta

226 4003 316 4083 sunt,
346 4002 482 4067 babeant
503 4001 552 4067 rel
571 4002 694 4078 iurent,
719 4021 795 4068 neve
815 4000 1086 4086 quomodocunque
1107 4002 1146 4068 iis
1169 4002 1295 4069 edendis
1319 4003 1366 4070 rel
1388 4000 1460 4066 scri·

224 4106 333 4173 bondis
354 4125 477 4190 operam
498 4108 620 4174 navent.
664 4105 755 4172 Certo
786 4125 946 4190 speramus
979 4125 1135 4191 uunquam
1158 4107 1299 4174 futurum
1322 4126 1403 4186 esse,
1426 4107 1459 4170 ut

225 4211 324 4276 Nobis
344 4231 437 4277 causa
458 4211 601 4277 daturin
623 4212 833 4277 inobedientes
854 4211 958 4295 poenis
980 4212 1073 4278 etiarn
1099 4211 1253 4278 canonicis
1269 4212 1457 4278 animadver-

226 4316 324 4380 tendi.
352 4317 486 4381 Ecentra
508 4315 538 4380 in
561 4335 616 4399 spe
637 4335 743 4381 sumus
766 4318 859 4399 atque
883 4315 1007 4381 clerum
1030 4318 1166 4400 grauiter
1183 4316 1277 4382 etiarn
1293 4318 1455 4390 hortamur,

225 4423 262 4482 nt
284 4419 426 4484 omnibus
449 4420 563 4483 viribus
585 4422 617 4484 et
647 4421 738 4503 pleno
765 4419 868 4485 studio
901 4421 1109 4502 ephemerides
1137 4439 1284 4505 perquam
1313 4420 1456 4487 catholice

226 4522 379 4606 sapientes
401 4523 434 4587 et
457 4522 613 4606 principiis
636 4523 790 4590 Ecclesiae
813 4523 1025 4607 obsequentes,
1050 4523 1121 4591 binc
1143 4527 1381 4610 augustissimae
1402 4525 1455 4606 lly-
