3159 4917
193 229 256 294 368
300 245 411 301 benaia
431 244 514 300 Xlll.
533 245 580 299 22.
603 244 672 301 Dec.
691 245 766 300 1887
785 244 1029 314 archiepiscopio
1046 247 1076 299 et
1094 243 1246 312 epmcopir
1265 243 1433 298 Bucar-iac.

192 418 365 503 quendam
399 417 625 502 diligenterque
659 415 901 498 providendum,
935 434 972 481 ne
991 415 1032 482 ad
1056 415 1282 481 nobilissimum
1307 412 1434 479 docendi

193 541 306 590 munus
329 523 466 590 homines
490 526 636 588 vocentur
653 521 701 586 vel
717 522 754 586 de
769 523 919 607 religione
936 521 1074 605 languidi
1094 524 1126 585 et
1142 519 1247 597 ieiuni,
1267 518 1315 584 vel
1331 519 1435 602 palam

137 629 138 632 ’
193 627 291 694 aversi
314 629 354 693 ab
376 627 521 696 ldcclesia.
567 626 655 709 Quod
678 626 804 710 quidem
826 625 1054 691 intolerabilius
1077 627 1177 701 esset,
1208 625 1234 688 si
1257 623 1435 706 hujusmodi

193 731 310 816 ingenii
334 731 471 796 homines
494 731 704 816 deligerentur
725 735 764 795 ad
787 729 943 795 doctrinas
965 747 1084 807 sacras,
1115 729 1250 794 omnium
1275 730 1435 812 praestan·

193 836 330 902 tissimus
351 834 547 918 profitendae.

297 935 352 1026 [7.]
394 938 559 1003 Praeterea
580 938 709 1004 interest
731 956 825 1020 quam
849 937 990 1014 maxime,
1020 935 1219 1001 venerabiles
1244 936 1376 1012 Fratres,
1401 939 1435 1000 ut

193 1043 330 1128 pericula
352 1043 501 1107 avertatis
523 1044 555 1108 et
578 1042 783 1124 propulsatis,
811 1059 888 1125 quae
911 1039 1058 1124 gregibus
1082 1040 1191 1105 vestris
1214 1058 1233 1104 a
1254 1040 1436 1123 contagione

193 1167 373 1214 mesenam
395 1146 582 1229 impendent.
608 1183 646 1194 ·-—
674 1146 774 1212 Huius
796 1146 1007 1211 tenebricosae
1027 1147 1132 1211 sectae
1154 1144 1281 1208 consilia
1304 1146 1335 1209 et
1354 1146 1436 1208 artes

194 1270 287 1336 qnam
309 1250 373 1316 sint
395 1251 551 1333 nequitiae
574 1248 664 1332 plena
686 1252 718 1314 et
740 1267 833 1333 quem
858 1250 986 1316 exitiosa
1007 1247 1138 1321 civitati,
1166 1247 1325 1314 docuimus
1348 1246 1436 1323 alias,

194 1355 404 1440 singularibus
432 1353 547 1418 litteris
577 1353 701 1418 Nostris
725 1354 903 1438 encyclicis,
933 1373 988 1419 nec
1021 1372 1082 1419 non
1111 1353 1291 1417 adiumenta
1318 1351 1438 1417 indica-

194 1460 307 1538 vimus,
332 1458 443 1542 quibus
466 1457 545 1524 vires
568 1459 634 1522 eius
655 1461 796 1540 oporteat
818 1458 943 1540 reprimi
967 1461 999 1522 et
1021 1457 1169 1522 enervari.
1210 1457 1276 1522 Nec
1301 1456 1437 1539 prolecto

195 1564 254 1628 erit
280 1564 357 1628 satis
384 1582 529 1645 umquam
559 1563 805 1644 praemonitum,
830 1565 960 1626 caveant
983 1561 1146 1626 christiani
1166 1581 1184 1625 a
1206 1561 1263 1625 tali
1286 1560 1435 1625 scelerum

195 1669 345 1733 factione:
370 1666 445 1732 baec
465 1666 557 1742 enim,
578 1684 767 1749 quamquam
787 1665 891 1729 odium
908 1684 1001 1749 grave
1017 1667 1048 1729 in
1066 1665 1234 1730 Ecclesiam
1252 1663 1436 1728 catholicam

195 1772 345 1853 principio
366 1770 505 1853 concepit
521 1769 718 1854 asperiusque
735 1768 844 1834 deinde
858 1770 1037 1837 obfirmavit
1051 1773 1084 1834 et
1096 1769 1234 1853 quotidie
1251 1765 1435 1842 inflammat,

194 1878 380 1941 nontamen
404 1875 550 1957 perpetuo
573 1874 754 1939 inimicitias
777 1878 900 1956 apertas
922 1877 1052 1951 exercet,
1077 1875 1111 1938 at
1133 1871 1255 1955 saepius
1278 1871 1346 1954 agit
1366 1890 1433 1935 ver·

195 1982 263 2044 sute
287 1979 319 2043 et
340 1979 460 2056 dolose,
484 1979 678 2062 maximeque
701 1978 960 2058 adolescentiam,
982 1995 1061 2061 qnae
1081 1997 1182 2042 rerum
1205 1977 1314 2060 ignara
1336 1976 1384 2039 est
1407 1976 1438 2039 et

194 2085 281 2166 inops
301 2081 438 2160 consilii,
469 2082 686 2149 miserabiliter
708 2082 827 2161 irretit,
861 2083 1007 2147 simulata
1034 2100 1152 2165 quoque
1181 2080 1282 2164 specie
1312 2079 1438 2163 pietatis

196 2190 227 2253 et
251 2189 402 2254 caritatis.
426 2223 465 2234 -
487 2185 574 2267 Quod
598 2187 644 2250 ost
667 2189 771 2250 autem
794 2187 946 2251 baubonis
970 2187 1009 2250 ab
1031 2186 1070 2250 iis
1092 2187 1145 2268 qui
1168 2185 1228 2249 lide
1243 2184 1438 2249 acatholicis

196 2292 384 2375 discrepant,
408 2290 501 2372 probe
523 2291 636 2355 tenetis
660 2289 816 2356 Ecclesiae
836 2291 1045 2374 praescripta,
1080 2308 1117 2354 ne
1147 2308 1208 2372 qua
1230 2288 1301 2352 iude
1323 2288 1438 2352 damna

195 2396 226 2460 in
250 2394 452 2461 christianum
483 2396 629 2480 populum
659 2396 707 2460 vel
740 2394 961 2462 consuetudine
994 2395 1042 2459 vel
1078 2395 1230 2478 pravitate
1260 2393 1437 2476 opinionum

195 2500 364 2566 dimanant.
415 2497 562 2565 Videmus
595 2498 736 2584 equidem
768 2503 800 2564 et
833 2498 1030 2564 vehementer
1064 2499 1222 2577 dolemus,
1256 2496 1437 2563 laenitatem

196 2603 293 2670 Nobis
316 2623 352 2669 ac
375 2603 460 2668 vobis
483 2602 565 2667 haud
587 2622 692 2686 parem
715 2621 781 2668 esse
809 2606 903 2686 atque
931 2602 1121 2668 voluntatem
1154 2605 1186 2668 et
1211 2602 1335 2666 sudium
1365 2603 1438 2666 baec

194 2709 263 2792 ipsa
281 2707 417 2791 pericula
439 2706 561 2789 penitus
584 2706 761 2772 avertendi:
785 2710 925 2772 ati-amen
947 2706 1083 2771 alienum
1107 2725 1163 2771 non
1188 2707 1349 2790 putamus,
1371 2704 1435 2770 sol-

196 2811 389 2877 licitudinem
414 2811 548 2876 vestram
568 2810 754 2893 pastoralem
778 2811 919 2888 incitare,
944 2814 977 2875 ct
999 2810 1195 2874 alacritatem
1217 2808 1311 2874 simul
1328 2826 1437 2872 acuere

196 2915 353 2980 bominum
377 2913 617 2992 catholicorum,
648 2915 674 2978 ei
702 2911 917 2979 communibus
939 2913 1052 2978 studiis
1075 2913 1222 2978 removeri
1245 2911 1363 2995 possint
1384 2913 1439 2976 ant

196 3021 351 3086 sublevari
374 3040 583 3105 quaecumque
603 3020 760 3086 obsistunt
778 3019 991 3085 communibus
1015 3019 1103 3084 votis.
1138 3018 1306 3093 Assumite,
1331 3016 1436 3079 cobor-

194 3127 314 3191 tatione
348 3127 466 3191 utimur
500 3124 599 3190 sancti
632 3124 800 3191 decessoris
831 3125 940 3191 Nostri
973 3124 1084 3189 Leonis
1120 3122 1243 3206 Magni,
1275 3121 1440 3205 religiosae

195 3230 418 3298 sollicitudinis
441 3233 532 3312 pium
553 3230 672 3308 retum,
703 3236 732 3295 el
763 3236 871 3295 contro
900 3230 1101 3295 saevissimos
1127 3229 1309 3293 animorum
1337 3225 1440 3291 toetce

196 3335 335 3400 omnium
354 3334 495 3416 fideliam
517 3354 596 3399 coro
617 3339 785 3417 consurgat
806 3332 916 3416 (Serm.
939 3333 1006 3411 XV,
1029 3351 1054 3398 c.
1079 3330 1123 3419 6).

301 3437 363 3522 [8.]
388 3439 508 3521 ltaque,
531 3456 666 3516 excussa,
683 3439 709 3501 si
724 3457 784 3521 qua
799 3437 957 3512 insederit,
980 3436 1102 3519 segnita
1116 3437 1149 3499 ct
1163 3432 1292 3512 desidia,
1314 3451 1438 3497 causam

197 3541 355 3626 religionis
379 3544 410 3606 et
433 3541 590 3607 Ecclesiae
612 3546 771 3624 tamquam
795 3559 882 3605 suam
907 3540 1004 3605 bonus
1034 3539 1163 3623 quisque
1189 3538 1356 3621 suscipiat;
1386 3553 1439 3621 pro

197 3663 292 3731 eaque
320 3645 451 3712 fideliter
482 3648 513 3711 et
545 3649 779 3729 perseverantur
812 3646 993 3729 propugnet.
1030 3680 1067 3691 -
1100 3643 1248 3710 Usuveuit
1277 3642 1376 3719 onim,
1407 3642 1441 3706 ut

197 3769 328 3834 nequam
353 3749 490 3815 homines
504 3769 539 3815 er
560 3750 673 3815 inertia
689 3767 725 3814 ac
740 3749 914 3814 timiditate
929 3750 1088 3826 bonorum,
1102 3746 1336 3831 improbitatem
1353 3764 1440 3811 suam

196 3858 229 3920 et
250 3854 408 3920 licentiam
434 3855 561 3920 nocendi
585 3853 784 3929 confirment,
820 3855 913 3937 atque
945 3854 1041 3919 etiam
1075 3852 1242 3936 proferant.
1286 3849 1337 3917 Sit
1358 3868 1441 3926 saue,

197 3957 419 4024 catholicorum
443 3962 572 4023 conatus
595 3961 627 4022 et
650 3957 754 4024 studia
777 3956 880 4021 minus
901 3956 1058 4022 interdum
1082 3957 1123 4022 ad
1145 3975 1182 4021 aa
1206 3973 1293 4038 posse
1315 3954 1441 4039 quaein

196 4061 351 4127 sententia
374 4065 405 4126 et
427 4080 479 4144 spe
503 4062 693 4126 habeantur:
723 4065 757 4126 at
779 4061 857 4126 satis
880 4058 912 4124 in
940 4063 1106 4144 utramque
1129 4063 1247 4144 partem
1270 4059 1443 4143 proiectura

197 4167 286 4242 sunt,
316 4165 435 4230 scilicet
457 4167 496 4232 ad
519 4166 710 4231 adversarios
733 4165 938 4242 coercendos,
967 4168 999 4230 et
1025 4165 1063 4229 ad
1085 4166 1204 4230 animos
1226 4164 1365 4228 infirmos
1388 4163 1442 4227 ab·
1577 4150 1579 4157 ’

196 4271 350 4353 lectosque
373 4271 574 4346 roborandos,
607 4272 728 4353 praeter
760 4289 829 4335 eam
864 4287 1012 4354 magnam
1044 4269 1215 4334 utilitatem
1239 4287 1318 4353 quae
1342 4267 1442 4352 posita

198 4375 246 4438 est
277 4375 309 4437 in
341 4391 449 4440 secura
480 4373 574 4439 cilicii
605 4374 802 4439 conscientia.
848 4374 1066 4458 Quamquam,
1091 4392 1189 4456 neque
1211 4373 1295 4437 istud
1317 4371 1442 4454 quidem

199 4475 290 4539 iacile
314 4475 497 4556 dederimus,
527 4476 696 4542 sollertiam
718 4482 750 4542 et
773 4495 896 4560 operam
919 4478 1154 4553 catholicorum,
1182 4478 1265 4541 recto
1286 4477 1318 4540 et
1342 4492 1443 4557 perse·

199 4581 323 4642 verants
347 4579 473 4646 consilio
495 4580 686 4660 adhibitam,
710 4579 823 4646 ellectu
843 4599 898 4646 suo
918 4600 1028 4646 carere.
1077 4581 1159 4647 Nam
1184 4579 1441 4664 comperfectum
1577 4590 1579 4607 ’
