3159 4917
176 161 238 230 168
324 181 428 248 nacae,
449 179 559 238 orooro
578 179 644 236 aar.
665 183 700 236 ra
721 180 837 237 onear.
854 180 950 237 varra
968 183 997 237 a.
1014 180 1058 237 21.
1077 181 1158 236 naar
1176 181 1262 238 raro.

173 351 350 420 definitione
370 352 452 418 idem
474 351 518 418 sit
539 353 572 418 et
597 353 701 418 valeat
729 371 766 419 ac
792 353 993 437 proelum
1022 352 1280 421 infallibilitatem
1310 357 1415 440 ponti·

141 511 143 516 .
172 457 292 533 ficiam,
316 457 343 524 sl
366 475 424 522 uon
448 474 570 540 prorsus
590 457 765 542 negationi,
797 457 910 524 saltam
930 457 1025 524 dubio
1046 457 1079 522 iu
1099 460 1256 541 posterum
1276 477 1341 526 esse
1364 481 1412 526 re·

171 561 381 645 linquendum.
425 559 458 626 Si
481 562 585 645 patres
606 559 736 628 eoncrbi
761 559 903 628 Vaticani
934 561 1145 646 quaestionem
1169 580 1229 627 nou
1252 562 1410 641 dirimant,

172 665 462 749 multiplicabuntur
484 663 642 731 indefinite
665 665 861 749 quaestiones
884 665 984 732 multo
1007 666 1164 750 graviores
1186 667 1219 732 et
1240 665 1344 733 forsan
1362 669 1410 732 in·

172 769 328 838 solubiles.
372 769 456 836 Hinc
478 787 626 854 maguum
647 768 869 835 detrimentum
895 769 1077 836 auctoritati
1099 769 1230 837 Romani
1251 770 1412 838 Pontificis

172 873 424 958 obedientiaeque
445 871 542 957 ipsius
565 872 695 940 decretis
718 873 850 940 debitae.
893 873 992 941 Nemo
1020 874 1083 940 iam
1103 876 1160 940 aut
1185 873 1298 940 saltem
1321 875 1412 959 pauci

172 977 347 1046 istiusmodi
363 978 495 1045 decretis
511 997 669 1046 assensum
687 977 867 1045 immediate
884 978 1093 1063 praebebuut3
1112 998 1219 1045 omnes
1235 980 1291 1045 ant
1307 979 1411 1064 plures

173 1084 394 1166 exspectabunt
426 1082 601 1150 uniuersum
634 1083 787 1150 Ecclesiae
817 1102 940 1149 sermm
974 1083 1024 1148 vel
1060 1084 1201 1149 futurum
1228 1083 1410 1151 Concilium.

172 1183 248 1268 Quis
268 1190 388 1266 autem,
411 1188 552 1254 observat
574 1187 702 1272 qnidam
722 1187 845 1267 auctor,
873 1188 943 1273 quis
965 1186 1094 1253 cuilibet
1115 1187 1300 1254 deliberanti
1321 1187 1411 1254 tbeo·

173 1288 244 1374 logo
266 1293 320 1356 aut
336 1291 401 1376 juri
422 1292 563 1358 consulto
586 1291 787 1378 congregabit
803 1291 999 1358 Concilium?
1023 1290 1057 1355 lu
1074 1309 1187 1357 vanum
1204 1291 1413 1376 profligabant

173 1412 290 1460 errores
313 1396 443 1462 Romani
466 1397 642 1474 Pontificis;
666 1400 804 1462 errantes
827 1397 1019 1480 praetextum
1042 1394 1248 1462 fallibilitatis
1262 1395 1411 1482 arripient

174 1497 212 1563 ad
234 1498 419 1566 eludendum
441 1503 712 1586 quantumcunque
733 1500 851 1585 justam
874 1503 907 1566 et
928 1501 1095 1567 instantem
1116 1500 1411 1568 condemnationem.

172 1603 242 1669 Non
266 1603 327 1670 sibi
347 1605 451 1672 fucum
473 1605 607 1684 faciant;
630 1607 683 1689 qni
705 1624 809 1671 rernm
829 1607 946 1671 statum
963 1605 995 1670 in
1016 1607 1074 1672 trac
1087 1607 1193 1671 nostra
1210 1607 1313 1672 aetate
1329 1609 1411 1672 recte

171 1693 309 1774 iudicare
335 1710 451 1777 volunt.
504 1710 624 1794 Ubique
656 1711 775 1776 restant
809 1709 1045 1792 praeteritorum
1076 1728 1214 1775 errorum
1246 1709 1412 1788 scintillae,

173 1811 291 1894 sopitae
314 1811 438 1896 quidem
460 1813 514 1880 sed
538 1814 714 1880 nullatenus
744 1813 920 1890 extinctae;
954 1812 1068 1898 ubique
1102 1832 1227 1898 germen
1256 1811 1411 1898 quoddam

172 1914 314 1981 relictum
337 1918 386 1982 est
406 1916 554 1982 falsorum
577 1920 783 2004 systematum
807 1917 1019 2000 praecedentis
1041 1918 1118 1996 aeri,
1142 1916 1223 2000 qnod
1239 1918 1328 1982 aestu
1344 1916 1411 1983 ani·

174 2038 293 2086 morum
315 2040 385 2087 mox
408 2021 564 2088 evolutum
586 2023 618 2088 et
641 2021 798 2089 exclusum
820 2022 966 2106 prodibit.
1016 2021 1132 2089 Statim
1155 2040 1193 2088 ac
1213 2020 1328 2106 ubique
1347 2024 1412 2088 ter-

172 2141 275 2189 rarum
305 2126 458 2203 notescet,
492 2123 663 2191 Concilium
696 2124 881 2192 Vaticanum
912 2145 931 2192 a
964 2125 1151 2192 declaranda
1183 2127 1411 2192 infallibilitate

173 2227 332 2312 pontificia
360 2229 566 2310 abstinuisse,
601 2229 843 2297 Gallicanismus
873 2228 906 2294 in
933 2229 1054 2308 Gallia,
1088 2230 1356 2296 Eebroniauismus
1378 2229 1411 2295 iu

173 2331 361 2410 Germania,
390 2331 638 2418 Josepbinismns
668 2334 698 2399 in
722 2334 852 2400 dustria
876 2336 970 2418 caput
989 2334 1089 2400 donno
1111 2335 1240 2418 superbe
1262 2334 1411 2400 extollent

172 2436 348 2502 furentibus
367 2437 525 2522 guberniis
547 2437 708 2518 civilibus,
732 2442 764 2505 et
786 2439 890 2504 forsan
912 2439 1025 2516 etiarn,
1052 2439 1149 2504 eheu!
1180 2437 1320 2523 pluribus
1341 2438 1409 2502 nni·

173 2543 357 2608 versitatum
380 2541 600 2625 professoribus
622 2543 655 2608 et
676 2543 904 2619 Sacerdotibus,
928 2543 1018 2608 rebus
1041 2543 1148 2608 mnndi
1168 2545 1201 2609 et
1221 2561 1296 2608 snae
1317 2541 1412 2608 infal-

171 2643 313 2713 libilitati
342 2645 443 2730 magis
470 2665 564 2730 quam
594 2645 749 2713 Ecclesiae
771 2650 804 2713 et
825 2648 1011 2715 inerrantiae
1031 2646 1201 2732 pontificali
1223 2646 1358 2713 addictis
1378 2649 1412 2712 et

171 2749 346 2817 foederatis.
390 2749 432 2816 Et
450 2750 503 2835 qni
525 2749 557 2815 iu
581 2751 753 2817 nomseimis
780 2751 937 2818 decenniis
966 2771 1021 2836 per
1050 2751 1173 2818 litteras
1198 2754 1231 2817 et
1260 2750 1411 2817 coustitu-

171 2854 269 2920 tiones
285 2853 324 2919 ad
339 2853 497 2920 silentium
514 2853 630 2921 redacti
651 2857 733 2933 sunt,
755 2855 961 2931 Hermonem,
988 2855 1205 2934 Gdotberiani,
1227 2854 1411 2930 traduciani,

170 2957 378 3025 latitudiuarii
401 2975 565 3043 omnesque
588 2960 725 3025 omnium
755 2961 914 3026 nationum
941 2962 975 3025 et
1004 2959 1182 3042 linguarum
1213 2959 1286 3026 Jani
1318 2977 1412 3042 rapu·

171 3062 290 3142 lantes,
325 3063 433 3129 statim
466 3063 497 3128 in
531 3064 762 3148 antiquatarum
798 3065 831 3130 et
852 3083 1000 3130 novarum
1023 3064 1199 3149 opinionum
1221 3063 1411 3148 palaestram

169 3169 377 3251 prorumpent.
423 3165 567 3248 Quinimo
598 3167 761 3234 debilitata
793 3169 980 3234 auctoritato
1012 3166 1172 3252 pontificia
1200 3169 1231 3233 et
1262 3168 1410 3232 relaxatis

170 3270 302 3338 vinculis
324 3271 405 3337 inter
426 3273 566 3338 centrum
590 3271 722 3337 unitatis
744 3274 776 3337 et
799 3271 953 3338 Ecclesiae
982 3272 1204 3355 particulares,
1235 3271 1409 3336 timendum

171 3375 235 3454 est,
266 3393 306 3441 ne
327 3375 478 3461 gubernio
503 3376 608 3444 civilia
628 3375 734 3442 exinde
756 3377 946 3443 occasionem
972 3378 1098 3442 sumant
1127 3374 1408 3460 particularismnm

170 3480 202 3544 et
221 3477 474 3545 nationalismum
496 3479 528 3546 in
547 3479 768 3546 detrimentum
792 3481 924 3545 unitatis
942 3479 1115 3546 catholicae
1137 3479 1337 3563 provocandi,
1361 3479 1408 3545 fo·

171 3584 261 3650 vendi
288 3587 320 3650 et
350 3583 556 3668 promovendi.
608 3583 802 3650 Addicantnr
835 3602 909 3669 ergo
943 3583 1131 3649 confidenter
1160 3584 1243 3651 Suae
1271 3584 1409 3650 Romano

172 3687 314 3754 Pontifici
344 3689 597 3773 praerogativam
627 3688 814 3774 agnoscatur
835 3687 1013 3755 solemniter
1032 3688 1099 3772 ejus
1119 3687 1333 3772 magisterium
1357 3707 1410 3753 su-

170 3810 309 3876 promum
331 3793 459 3877 ideoque
482 3789 647 3858 infallibils
669 3791 701 3856 in
724 3791 815 3857 rebus
837 3789 910 3857 fidei
932 3795 965 3857 et
986 3809 1124 3870 morum,
1152 3793 1283 3858 otnero
1305 3792 1409 3876 splen·

170 3896 242 3964 dore
272 3896 406 3982 fulgebit
439 3895 577 3963 Ecclesia
606 3916 660 3980 per
686 3896 893 3962 arctissimam
923 3896 1169 3981 conjunctionem
1194 3895 1315 3980 Capitis
1337 3914 1409 3961 cum

171 4000 317 4068 membris
342 4003 448 4068 coutra
477 4001 631 4086 quoslibet
653 3999 756 4067 hostes
778 4018 851 4066 suos
873 3999 1095 4066 invincibiliter
1117 4000 1261 4066 roborata
1282 4005 1314 4066 et
1336 4019 1408 4066 cou-

170 4103 312 4172 solidate.

273 4209 309 4274 3⁰
331 4207 413 4276 Hinc
435 4210 522 4292 patet
545 4211 699 4292 responsio
722 4209 759 4274 ad
781 4207 908 4274 tertiam
923 4208 1142 4292 exceptionem,
1166 4208 1310 4274 nimirum
1326 4209 1407 4292 qnod

169 4331 223 4398 per
246 4312 363 4378 definit
341 4315 453 4379 tronern
475 4312 707 4379 infallibilitatls
726 4311 901 4397 pontificiae
917 4314 1071 4380 inatrlder
1085 4313 1232 4396 sepimine
1224 4314 1408 4382 actaeae

168 4418 387 4486 οοοιοοοῑονοιιον.
414 4418 463 4484 dd
486 4417 571 4502 quid,
594 4415 754 4502 inquiebat
777 4417 849 4484 Rev.
866 4416 1034 4502 Episcopus
1052 4415 1256 4495 Divionensis,
1278 4419 1317 4485 ad
1331 4417 1407 4502 qnid

170 4521 302 4590 Bommd
325 4521 483 4590 Pontificio
505 4522 662 4590 nudicare
679 4523 868 4590 iconentiae
885 4519 1144 4609 praerogativam,
1167 4538 1238 4586 cum
1253 4522 1406 4589 aranea
