3159 4917
710 705 819 788 xxxi.

142 845 280 926 [iteras
305 845 506 946 pastorales
530 845 770 948 episcoporum
790 849 989 948 provinciae
1007 846 1212 930 Goritlensis
1235 847 1307 928 dd.
1324 847 1382 930 27.

142 967 221 1048 lloa
247 965 338 1046 1887
369 967 412 1049 da
444 967 583 1068 liturpia
614 967 763 1070 quadam
795 969 850 1050 sic
886 970 981 1051 dicta
1014 969 1161 1051 stawles
1186 970 1383 1052 catholicae

564 1091 739 1173 acclesiae
765 1093 955 1174 contraria.

147 1243 324 1310 Venerabili
346 1243 439 1312 Olera
460 1248 627 1312 acciversce
646 1249 826 1330 promaciae
846 1247 1090 1332 metropoliticae
1115 1247 1307 1314 Goritieasis
1327 1268 1381 1314 sc-

141 1350 235 1416 tuem
256 1355 285 1415 et
311 1348 549 1415 benedictionem
568 1373 590 1416 a
612 1350 749 1418 Doiniao
770 1359 801 1418 et
821 1352 985 1420 Sclontorc
1006 1358 1111 1418 nostro
1133 1351 1215 1419 Jesc
1234 1351 1384 1418 Olaristo!

317 1512 525 1592 venerabiles,
547 1515 743 1583 dilectissimi
764 1517 797 1582 in
820 1516 943 1584 Christo
966 1515 1111 1583 Fratres!

248 1644 386 1728 Episcopi
409 1645 581 1728 provinciae
602 1647 844 1732 metropoliticae
868 1646 1071 1726 Goritiecsis,
1099 1646 1152 1730 qui
1174 1645 1212 1712 do
1235 1645 1382 1730 gravissi·

142 1749 202 1815 mis
224 1749 399 1815 dioeceseon
421 1768 547 1816 suarum
569 1752 661 1817 rebus
687 1751 892 1817 consultatum
915 1751 1069 1818 Goritiam
1093 1750 1309 1827 convenerunt,
1333 1767 1381 1816 re-

143 1852 251 1938 ligioni
273 1852 333 1918 sibi
355 1852 508 1919 duxerunt
530 1853 607 1920 haec
629 1854 733 1939 palam
755 1855 926 1921 enuntiare.

248 1957 282 2020 ln
305 1956 489 2040 quibusdam
512 1957 776 2041 ephemeridibus,
808 1977 887 2041 quae
912 1959 945 2024 in
967 1959 1083 2024 Nostra
1105 1955 1261 2042 provincia
1283 1957 1381 2023 eccle-

142 2062 269 2127 siastica
291 2062 356 2128 siue
377 2062 467 2128 rebus
490 2062 625 2145 politicis
647 2063 776 2147 agendis
805 2063 869 2130 sire
892 2065 1012 2130 artibus
1041 2063 1221 2128 liberalibus
1246 2061 1381 2126 colendis

142 2166 173 2230 in
195 2167 295 2232 lucem
318 2165 462 2252 eduntur,
484 2166 653 2232 identidem
676 2167 829 2250 quaedam
852 2169 968 2253 scripta
989 2166 1197 2246 inveniuntur,
1220 2184 1298 2249 quae
1320 2183 1379 2230 non

143 2271 244 2335 minus
268 2289 286 2334 a
307 2289 397 2336 sensu
419 2271 572 2336 catholico
594 2271 710 2350 aliena,
733 2291 825 2357 quam
846 2272 984 2338 fidelium
1006 2271 1103 2339 saluti
1127 2290 1195 2337 cum
1218 2267 1381 2352 temporali

143 2375 210 2438 tum
233 2374 389 2456 spirituali
411 2375 582 2460 perniciosa
604 2378 686 2442 sunt.
728 2375 765 2440 Id
789 2377 971 2461 praeprimis
1002 2375 1176 2458 nuperrimo
1205 2373 1305 2438 denuo
1328 2391 1379 2438 ac-

144 2477 220 2541 cidit
242 2477 333 2542 modo
353 2478 428 2543 adeo
449 2478 592 2558 nefando,
617 2482 651 2544 ut
675 2479 807 2545 maxime
829 2479 901 2545 iude
923 2479 1026 2546 dolore
1049 2477 1152 2546 allecti
1175 2477 1281 2542 simus.

246 2580 388 2646 Proiecto
410 2583 555 2664 qnidam!
584 2582 739 2650 Catholici
766 2585 798 2650 et
823 2584 1053 2663 Protestantes,
1085 2582 1310 2650 christianici
1333 2581 1382 2645 in-

142 2686 248 2752 fideles
271 2683 322 2752 SS.
346 2685 471 2752 Patrem
495 2689 634 2753 nostrum
661 2688 793 2752 Leonem
816 2687 905 2756 XlH.
935 2708 1057 2754 summa
1087 2687 1283 2754 ueneratione
1311 2705 1379 2770 pro-

141 2793 311 2875 sequuntur
332 2809 464 2876 eumque
485 2792 518 2856 in
544 2810 669 2859 numero
702 2793 904 2858 maximorum
936 2793 1136 2870 Pontificum,
1167 2809 1243 2875 quos
1275 2787 1380 2855 divina

143 2895 341 2962 Providentia
364 2895 518 2961 Ecclesiae
542 2895 656 2961 Christi
680 2895 817 2976 donavit,
841 2900 967 2980 ponunt.
1010 2896 1112 2977 Quare
1133 2896 1293 2961 universus
1317 2896 1380 2960 lero

141 3001 223 3067 orbis
245 3002 363 3077 certat,
395 3000 430 3064 ut
454 3000 574 3066 instans
606 3001 672 3066 eius
694 3000 867 3067 lubilaeum
891 3001 1081 3068 sacerdotale
1102 3019 1196 3085 quam
1220 2999 1380 3065 solemnis·

140 3105 217 3170 simo
236 3105 337 3171 cheat.
384 3104 519 3170 Nostrae
547 3098 671 3171 tantum
701 3105 875 3189 provinciae
903 3106 980 3188 proh
1011 3105 1117 3171 dolor!
1149 3105 1286 3188 exceptio
1308 3123 1380 3170 con·

140 3209 223 3293 tigit.
258 3207 487 3292 llphemorides,
510 3209 622 3291 quibus
645 3229 754 3274 nomen
773 3207 953 3276 »Storenslri
969 3209 1105 3287 Narod,‹
1127 3229 1205 3292 quae
1220 3210 1253 3274 in
1268 3208 1379 3293 populo

139 3332 286 3397 perquam
308 3310 460 3379 catholico
484 3312 660 3396 vulgantur,
682 3313 770 3378 cuius
790 3313 885 3378 etiarn
900 3313 996 3378 saluti
1012 3313 1192 3396 praeprimis
1208 3315 1379 3396 prospicere

139 3437 171 3482 se
192 3417 326 3496 iactant,
363 3416 570 3483 venerandum
600 3434 705 3481 senem
737 3417 919 3496 iubilarem,
953 3416 1089 3482 universi
1111 3417 1193 3482 orbis
1216 3415 1378 3481 christiani

140 3521 332 3605 Principem,
356 3523 427 3587 inde
449 3521 546 3587 etiam
568 3519 707 3586 fidelium
729 3540 821 3586 curae
845 3522 976 3587 Nostrae
997 3521 1227 3587 commissorum
1253 3520 1377 3584 Patrem

139 3625 349 3707 spiritualem,
378 3629 456 3710 ipso,
490 3629 528 3691 ut
551 3627 597 3692 ita
622 3627 803 3710 loquamur,
834 3627 964 3693 Inhilaei
988 3625 1149 3710 pervigilio
1171 3661 1212 3673 -
1234 3623 1378 3689 horribile

139 3729 223 3794 dictu
244 3765 284 3778 -
313 3731 454 3813 »generis
476 3731 604 3797 humani
619 3739 883 3816 purpomeatam«
907 3731 1008 3798 dicere
1031 3749 1124 3798 ausae
1147 3730 1240 3796 sunt!

241 3832 343 3914 Quare
370 3853 425 3917 pro
453 3833 587 3912 Nostra,
621 3854 715 3918 quam
746 3835 817 3901 Iesu
849 3835 966 3903 Christi
995 3834 1045 3900 his
1079 3835 1112 3900 in
1142 3835 1233 3900 terris
1255 3833 1378 3899 Vicario

139 3936 284 4002 dehemus
306 3937 422 4020 pietate
445 3941 477 4002 et
496 3957 550 4020 pro
567 3937 680 4017 studio,
704 3958 762 4022 qno
785 3940 851 4004 Nos
866 3941 974 4005 honori
990 3938 1094 4023 papuli
1109 3937 1265 4016 catholici,
1286 3955 1379 4003 curae

138 4040 270 4108 Nostrae
291 4042 412 4118 traditi,
436 4043 593 4110 consulere
615 4046 745 4128 oportet,
769 4045 920 4112 eiusmodi
943 4046 1142 4131 ignominiae,
1165 4047 1214 4112 cui
1236 4045 1268 4110 iu
1286 4046 1378 4130 ephe·

138 4142 306 4212 meridihus
328 4147 461 4230 puhlicis
485 4166 589 4231 parem
618 4149 699 4216 haud
729 4151 820 4217 facile
848 4151 985 4217 inuenire
1019 4151 1130 4231 liceat,
1165 4169 1284 4234 quaque
1319 4169 1377 4216 non

137 4250 260 4314 tanturn
282 4250 529 4332 catholicorum,
561 4273 667 4320 verum
696 4255 791 4321 etiam
823 4257 999 4340 quorumvis
1025 4255 1156 4321 aliorum
1181 4257 1378 4321 honestorum

137 4352 295 4418 hominum
318 4355 416 4419 animi
438 4355 525 4440 gravi
545 4357 711 4424 offensione
734 4359 928 4438 afficiuntur,
958 4360 1138 4426 solemniter
1167 4359 1251 4426 hisce
1280 4358 1377 4426 recla-

139 4474 269 4524 mamus.

242 4563 388 4632 mntem
411 4567 533 4651 generis
554 4567 786 4652 ephemerides,
814 4567 897 4636 inter
917 4587 993 4655 quas
1016 4568 1150 4656 primum
1170 4569 1271 4636 locum
1294 4567 1375 4632 idem
