<?xml version="1.0" encoding="UTF-8"?>
<!DOCTYPE html PUBLIC "-//W3C//DTD XHTML 1.0 Transitional//EN"
    "http://www.w3.org/TR/xhtml1/DTD/xhtml1-transitional.dtd">
<html xmlns="http://www.w3.org/1999/xhtml" xml:lang="en" lang="en">
 <head>
  <title>
</title>
<meta http-equiv="Content-Type" content="text/html;charset=utf-8" />
  <meta name='ocr-system' content='tesseract 3.04.00' />
  <meta name='ocr-capabilities' content='ocr_page ocr_carea ocr_par ocr_line ocrx_word'/>
</head>
<body>
  <div class='ocr_page' id='page_1' title='image "./archivfrkatholi24jurigoog/archivfrkatholi24jurigoog_0370.png"; bbox 0 0 3159 4917; ppageno 0'>
   <div class='ocr_carea' id='block_1_1' title="bbox 148 203 1387 292">
    <p class='ocr_par' dir='ltr' id='par_1_1' title="bbox 148 203 1387 292">
     <span class='ocr_line' id='line_1_1' title="bbox 148 203 1387 292; baseline 0 -16"><span class='ocrx_word' id='word_1_1' title='bbox 148 223 172 277; x_wconf 79' lang='lat' dir='ltr'><em>L</em></span> <span class='ocrx_word' id='word_1_2' title='bbox 175 227 260 280; x_wconf 74' lang='grc' dir='ltr'>εοιιιι</span> <span class='ocrx_word' id='word_1_3' title='bbox 273 223 426 279; x_wconf 82' lang='grc' dir='ltr'><strong>Χ111.22.</strong></span> <span class='ocrx_word' id='word_1_4' title='bbox 449 221 1094 292; x_wconf 76' lang='lat' dir='ltr'><strong>Dec.1887archiepiscoptccteps&#39;eoopta</strong></span> <span class='ocrx_word' id='word_1_5' title='bbox 1115 222 1281 277; x_wconf 71' lang='lat' dir='ltr'><strong>bavariae.</strong></span> <span class='ocrx_word' id='word_1_6' title='bbox 1323 203 1387 269; x_wconf 81' lang='grc'><strong>367</strong></span> 
     </span>
    </p>
   </div>
   <div class='ocr_carea' id='block_1_2' title="bbox 74 393 1390 4646">
    <p class='ocr_par' dir='ltr' id='par_1_2' title="bbox 145 393 1390 2352">
     <span class='ocr_line' id='line_1_2' title="bbox 147 393 1386 480; baseline 0.001 -21"><span class='ocrx_word' id='word_1_7' title='bbox 147 395 210 460; x_wconf 87' lang='lat' dir='ltr'><strong>Deo</strong></span> <span class='ocrx_word' id='word_1_8' title='bbox 233 394 426 461; x_wconf 75' lang='lat' dir='ltr'><strong>intercedant</strong></span> <span class='ocrx_word' id='word_1_9' title='bbox 448 395 486 461; x_wconf 89' lang='lat' dir='ltr'><strong>de</strong></span> <span class='ocrx_word' id='word_1_10' title='bbox 508 393 614 460; x_wconf 88' lang='lat' dir='ltr'><strong>liberis</strong></span> <span class='ocrx_word' id='word_1_11' title='bbox 637 394 719 472; x_wconf 90' lang='lat' dir='ltr'><strong>suis;</strong></span> <span class='ocrx_word' id='word_1_12' title='bbox 741 395 777 458; x_wconf 92' lang='lat' dir='ltr'><strong>ut</strong></span> <span class='ocrx_word' id='word_1_13' title='bbox 799 395 931 459; x_wconf 89' lang='lat' dir='ltr'><strong>scientes</strong></span> <span class='ocrx_word' id='word_1_14' title='bbox 953 395 1121 480; x_wconf 81' lang='lat' dir='ltr'><strong>religionis,</strong></span> <span class='ocrx_word' id='word_1_15' title='bbox 1147 394 1223 460; x_wconf 91' lang='lat' dir='ltr'><strong>bane</strong></span> <span class='ocrx_word' id='word_1_16' title='bbox 1240 397 1342 458; x_wconf 89' lang='lat' dir='ltr'><strong>morat</strong></span> <span class='ocrx_word' id='word_1_17' title='bbox 1343 413 1386 472; x_wconf 93' lang='lat' dir='ltr'><strong>os,</strong></span> 
     </span>
     <span class='ocr_line' id='line_1_3' title="bbox 147 478 1387 584; baseline -0.003 -16"><span class='ocrx_word' id='word_1_18' title='bbox 147 499 245 568; x_wconf 86' lang='lat' dir='ltr'><strong>Deum</strong></span> <span class='ocrx_word' id='word_1_19' title='bbox 271 501 320 584; x_wconf 88' lang='lat' dir='ltr'><strong>pie</strong></span> <span class='ocrx_word' id='word_1_20' title='bbox 342 499 477 565; x_wconf 90' lang='lat' dir='ltr'><strong>colentes</strong></span> <span class='ocrx_word' id='word_1_21' title='bbox 501 499 630 564; x_wconf 89' lang='lat' dir='ltr'><strong>educare</strong></span> <span class='ocrx_word' id='word_1_22' title='bbox 653 497 850 574; x_wconf 58' lang='lat' dir='ltr'><strong>debeantur</strong></span> <span class='ocrx_word' id='word_1_23' title='bbox 851 498 1003 564; x_wconf 88' lang='lat' dir='ltr'><strong>tfaciant</strong></span> <span class='ocrx_word' id='word_1_24' title='bbox 1019 499 1175 576; x_wconf 77' lang='lat' dir='ltr'><strong>damnose,</strong></span> <span class='ocrx_word' id='word_1_25' title='bbox 1198 497 1225 562; x_wconf 91' lang='lat' dir='ltr'><strong>si</strong></span> <span class='ocrx_word' id='word_1_26' title='bbox 1232 478 1312 564; x_wconf 75' lang='lat' dir='ltr'><strong>aeta</strong></span> <span class='ocrx_word' id='word_1_27' title='bbox 1299 479 1387 576; x_wconf 86' lang='lat' dir='ltr'><strong>tem,</strong></span> 
     </span>
     <span class='ocr_line' id='line_1_4' title="bbox 146 602 1387 688; baseline 0 -20"><span class='ocrx_word' id='word_1_28' title='bbox 146 605 351 669; x_wconf 90' lang='lat' dir='ltr'><strong>credulamt</strong></span> <span class='ocrx_word' id='word_1_29' title='bbox 319 607 351 669; x_wconf 91' lang='grc' dir='ltr'><strong>ιι</strong></span> <span class='ocrx_word' id='word_1_30' title='bbox 363 606 470 668; x_wconf 89' lang='lat' dir='ltr'><strong>incant</strong></span> <span class='ocrx_word' id='word_1_31' title='bbox 471 623 520 668; x_wconf 87' lang='lat' dir='ltr'><strong>arn</strong></span> <span class='ocrx_word' id='word_1_32' title='bbox 533 603 685 688; x_wconf 79' lang='lat' dir='ltr'><strong>suspectis</strong></span> <span class='ocrx_word' id='word_1_33' title='bbox 697 603 965 686; x_wconf 78' lang='lat' dir='ltr'><strong>praeceptoribus</strong></span> <span class='ocrx_word' id='word_1_34' title='bbox 956 623 990 668; x_wconf 88' lang='grc' dir='ltr'><strong>ιι</strong></span> <span class='ocrx_word' id='word_1_35' title='bbox 1004 602 1167 668; x_wconf 82' lang='lat' dir='ltr'><strong>discrimen</strong></span> <span class='ocrx_word' id='word_1_36' title='bbox 1180 603 1387 670; x_wconf 85' lang='lat' dir='ltr'><strong>committant.</strong></span> 
     </span>
     <span class='ocr_line' id='line_1_5' title="bbox 146 695 1388 791; baseline 0 -19"><span class='ocrx_word' id='word_1_37' title='bbox 146 707 241 773; x_wconf 87' lang='lat' dir='ltr'><strong>Hisce</strong></span> <span class='ocrx_word' id='word_1_38' title='bbox 260 709 290 772; x_wconf 91' lang='lat' dir='ltr'><strong>in</strong></span> <span class='ocrx_word' id='word_1_39' title='bbox 314 707 432 787; x_wconf 87' lang='lat' dir='ltr'><strong>officiis,</strong></span> <span class='ocrx_word' id='word_1_40' title='bbox 456 707 550 772; x_wconf 88' lang='lat' dir='ltr'><strong>simul</strong></span> <span class='ocrx_word' id='word_1_41' title='bbox 572 727 642 772; x_wconf 91' lang='lat' dir='ltr'><strong>cum</strong></span> <span class='ocrx_word' id='word_1_42' title='bbox 659 707 866 791; x_wconf 83' lang='lat' dir='ltr'><strong>procreatione</strong></span> <span class='ocrx_word' id='word_1_43' title='bbox 882 706 1046 773; x_wconf 89' lang='lat' dir='ltr'><strong>liberorum</strong></span> <span class='ocrx_word' id='word_1_44' title='bbox 1062 708 1223 789; x_wconf 88' lang='lat' dir='ltr'><strong>susceptis,</strong></span> <span class='ocrx_word' id='word_1_45' title='bbox 1248 695 1388 772; x_wconf 75' lang='lat' dir='ltr'><strong>noveridt</strong></span> 
     </span>
     <span class='ocr_line' id='line_1_6' title="bbox 145 810 1387 895; baseline 0 -19"><span class='ocrx_word' id='word_1_46' title='bbox 145 811 394 895; x_wconf 81' lang='lat' dir='ltr'><strong>patresfamilias,</strong></span> <span class='ocrx_word' id='word_1_47' title='bbox 418 811 547 876; x_wconf 87' lang='lat' dir='ltr'><strong>totidem</strong></span> <span class='ocrx_word' id='word_1_48' title='bbox 571 812 639 876; x_wconf 87' lang='lat' dir='ltr'><strong>iura</strong></span> <span class='ocrx_word' id='word_1_49' title='bbox 661 811 759 876; x_wconf 88' lang='lat' dir='ltr'><strong>inesse</strong></span> <span class='ocrx_word' id='word_1_50' title='bbox 782 811 949 876; x_wconf 87' lang='lat' dir='ltr'><strong>secundum</strong></span> <span class='ocrx_word' id='word_1_51' title='bbox 974 813 1119 876; x_wconf 89' lang='lat' dir='ltr'><strong>naturam</strong></span> <span class='ocrx_word' id='word_1_52' title='bbox 1137 812 1169 875; x_wconf 91' lang='lat' dir='ltr'><strong>et</strong></span> <span class='ocrx_word' id='word_1_53' title='bbox 1186 810 1387 893; x_wconf 86' lang='lat' dir='ltr'><strong>aequitatem,</strong></span> 
     </span>
     <span class='ocr_line' id='line_1_7' title="bbox 146 913 1390 1000; baseline -0.002 -20"><span class='ocrx_word' id='word_1_54' title='bbox 146 919 239 1000; x_wconf 89' lang='lat' dir='ltr'><strong>atque</strong></span> <span class='ocrx_word' id='word_1_55' title='bbox 262 935 328 980; x_wconf 90' lang='lat' dir='ltr'><strong>esse</strong></span> <span class='ocrx_word' id='word_1_56' title='bbox 350 915 512 992; x_wconf 86' lang='lat' dir='ltr'><strong>eiusmodi,</strong></span> <span class='ocrx_word' id='word_1_57' title='bbox 535 913 572 980; x_wconf 89' lang='lat' dir='ltr'><strong>de</strong></span> <span class='ocrx_word' id='word_1_58' title='bbox 594 916 706 998; x_wconf 91' lang='lat' dir='ltr'><strong>quibus</strong></span> <span class='ocrx_word' id='word_1_59' title='bbox 728 914 808 978; x_wconf 92' lang='lat' dir='ltr'><strong>nibil</strong></span> <span class='ocrx_word' id='word_1_60' title='bbox 823 913 917 980; x_wconf 90' lang='lat' dir='ltr'><strong>liceat</strong></span> <span class='ocrx_word' id='word_1_61' title='bbox 932 915 993 982; x_wconf 90' lang='lat' dir='ltr'><strong>sibi</strong></span> <span class='ocrx_word' id='word_1_62' title='bbox 1008 916 1176 992; x_wconf 88' lang='lat' dir='ltr'><strong>remittere,</strong></span> <span class='ocrx_word' id='word_1_63' title='bbox 1193 914 1272 980; x_wconf 90' lang='lat' dir='ltr'><strong>nibil</strong></span> <span class='ocrx_word' id='word_1_64' title='bbox 1291 914 1390 979; x_wconf 82' lang='lat' dir='ltr'><strong>cuiuis</strong></span> 
     </span>
     <span class='ocr_line' id='line_1_8' title="bbox 147 1019 1389 1104; baseline 0.002 -21"><span class='ocrx_word' id='word_1_65' title='bbox 147 1020 304 1085; x_wconf 86' lang='lat' dir='ltr'><strong>hominurn</strong></span> <span class='ocrx_word' id='word_1_66' title='bbox 324 1021 471 1104; x_wconf 85' lang='lat' dir='ltr'><strong>potestati</strong></span> <span class='ocrx_word' id='word_1_67' title='bbox 493 1020 587 1085; x_wconf 90' lang='lat' dir='ltr'><strong>liceat</strong></span> <span class='ocrx_word' id='word_1_68' title='bbox 608 1019 778 1096; x_wconf 86' lang='lat' dir='ltr'><strong>detrahere,</strong></span> <span class='ocrx_word' id='word_1_69' title='bbox 803 1039 908 1102; x_wconf 89' lang='lat' dir='ltr'><strong>quum,</strong></span> <span class='ocrx_word' id='word_1_70' title='bbox 933 1019 1045 1085; x_wconf 88' lang='lat' dir='ltr'><strong>officiis</strong></span> <span class='ocrx_word' id='word_1_71' title='bbox 1066 1019 1145 1085; x_wconf 86' lang='lat' dir='ltr'><strong>solvi</strong></span> <span class='ocrx_word' id='word_1_72' title='bbox 1163 1019 1275 1103; x_wconf 91' lang='lat' dir='ltr'><strong>quibus</strong></span> <span class='ocrx_word' id='word_1_73' title='bbox 1299 1019 1389 1085; x_wconf 92' lang='lat' dir='ltr'><strong>homo</strong></span> 
     </span>
     <span class='ocr_line' id='line_1_9' title="bbox 146 1123 1389 1208; baseline 0 -18"><span class='ocrx_word' id='word_1_74' title='bbox 146 1126 290 1190; x_wconf 88' lang='lat' dir='ltr'><strong>teneatur</strong></span> <span class='ocrx_word' id='word_1_75' title='bbox 321 1123 361 1189; x_wconf 90' lang='lat' dir='ltr'><strong>ad</strong></span> <span class='ocrx_word' id='word_1_76' title='bbox 397 1124 516 1202; x_wconf 85' lang='lat' dir='ltr'><strong>Deum,</strong></span> <span class='ocrx_word' id='word_1_77' title='bbox 548 1125 591 1191; x_wconf 90' lang='lat' dir='ltr'><strong>sit</strong></span> <span class='ocrx_word' id='word_1_78' title='bbox 619 1143 674 1206; x_wconf 88' lang='lat' dir='ltr'><strong>per</strong></span> <span class='ocrx_word' id='word_1_79' title='bbox 702 1124 859 1190; x_wconf 90' lang='lat' dir='ltr'><strong>bominem</strong></span> <span class='ocrx_word' id='word_1_80' title='bbox 892 1125 986 1190; x_wconf 90' lang='lat' dir='ltr'><strong>nefas.</strong></span> <span class='ocrx_word' id='word_1_81' title='bbox 1040 1123 1108 1190; x_wconf 89' lang='lat' dir='ltr'><strong>Hoc</strong></span> <span class='ocrx_word' id='word_1_82' title='bbox 1128 1124 1225 1208; x_wconf 84' lang='lat' dir='ltr'><strong>igitur</strong></span> <span class='ocrx_word' id='word_1_83' title='bbox 1247 1126 1389 1207; x_wconf 85' lang='lat' dir='ltr'><strong>parentes</strong></span> 
     </span>
     <span class='ocr_line' id='line_1_10' title="bbox 147 1227 1388 1312; baseline 0 -20"><span class='ocrx_word' id='word_1_84' title='bbox 147 1231 306 1312; x_wconf 89' lang='lat' dir='ltr'><strong>reputent,</strong></span> <span class='ocrx_word' id='word_1_85' title='bbox 338 1247 370 1293; x_wconf 90' lang='grc' dir='ltr'><strong>ιι</strong></span> <span class='ocrx_word' id='word_1_86' title='bbox 402 1247 547 1311; x_wconf 85' lang='lat' dir='ltr'><strong>magnum</strong></span> <span class='ocrx_word' id='word_1_87' title='bbox 578 1227 701 1311; x_wconf 90' lang='lat' dir='ltr'><strong>quidem</strong></span> <span class='ocrx_word' id='word_1_88' title='bbox 733 1246 810 1292; x_wconf 91' lang='lat' dir='ltr'><strong>onus</strong></span> <span class='ocrx_word' id='word_1_89' title='bbox 840 1246 947 1311; x_wconf 86' lang='lat' dir='ltr'><strong>gerere</strong></span> <span class='ocrx_word' id='word_1_90' title='bbox 975 1228 1013 1294; x_wconf 92' lang='lat' dir='ltr'><strong>de</strong></span> <span class='ocrx_word' id='word_1_91' title='bbox 1046 1228 1213 1294; x_wconf 88' lang='lat' dir='ltr'><strong>liberorum</strong></span> <span class='ocrx_word' id='word_1_92' title='bbox 1246 1228 1388 1306; x_wconf 90' lang='lat' dir='ltr'><strong>tuitione,</strong></span> 
     </span>
     <span class='ocr_line' id='line_1_11' title="bbox 147 1331 1389 1416; baseline 0 -18"><span class='ocrx_word' id='word_1_93' title='bbox 147 1333 245 1398; x_wconf 91' lang='lat' dir='ltr'><strong>multo</strong></span> <span class='ocrx_word' id='word_1_94' title='bbox 267 1336 370 1397; x_wconf 87' lang='grc' dir='ltr'>ιιιιιι</span> <span class='ocrx_word' id='word_1_95' title='bbox 394 1351 499 1415; x_wconf 84' lang='lat' dir='ltr'><strong>gerere</strong></span> <span class='ocrx_word' id='word_1_96' title='bbox 522 1332 641 1410; x_wconf 89' lang='lat' dir='ltr'><strong>maius,</strong></span> <span class='ocrx_word' id='word_1_97' title='bbox 671 1334 706 1396; x_wconf 90' lang='lat' dir='ltr'><strong>ut</strong></span> <span class='ocrx_word' id='word_1_98' title='bbox 727 1349 778 1397; x_wconf 88' lang='lat' dir='ltr'><strong>eos</strong></span> <span class='ocrx_word' id='word_1_99' title='bbox 801 1331 841 1396; x_wconf 92' lang='lat' dir='ltr'><strong>ad</strong></span> <span class='ocrx_word' id='word_1_100' title='bbox 865 1331 1025 1397; x_wconf 88' lang='lat' dir='ltr'><strong>meliorum</strong></span> <span class='ocrx_word' id='word_1_101' title='bbox 1047 1333 1258 1416; x_wconf 90' lang='lat' dir='ltr'><strong>potioremque</strong></span> <span class='ocrx_word' id='word_1_102' title='bbox 1279 1332 1389 1412; x_wconf 83' lang='lat' dir='ltr'><strong>uitam,</strong></span> 
     </span>
     <span class='ocr_line' id='line_1_12' title="bbox 146 1433 1387 1521; baseline -0.001 -18"><span class='ocrx_word' id='word_1_103' title='bbox 146 1457 224 1521; x_wconf 89' lang='lat' dir='ltr'><strong>quae</strong></span> <span class='ocrx_word' id='word_1_104' title='bbox 247 1438 417 1502; x_wconf 89' lang='lat' dir='ltr'><strong>animorum</strong></span> <span class='ocrx_word' id='word_1_105' title='bbox 440 1439 497 1514; x_wconf 87' lang='lat' dir='ltr'><strong>est,</strong></span> <span class='ocrx_word' id='word_1_106' title='bbox 520 1433 669 1500; x_wconf 90' lang='lat' dir='ltr'><strong>educant:</strong></span> <span class='ocrx_word' id='word_1_107' title='bbox 693 1436 773 1519; x_wconf 89' lang='lat' dir='ltr'><strong>quod</strong></span> <span class='ocrx_word' id='word_1_108' title='bbox 789 1436 841 1500; x_wconf 92' lang='lat' dir='ltr'><strong>ubi</strong></span> <span class='ocrx_word' id='word_1_109' title='bbox 858 1456 913 1518; x_wconf 91' lang='lat' dir='ltr'><strong>per</strong></span> <span class='ocrx_word' id='word_1_110' title='bbox 930 1454 964 1502; x_wconf 91' lang='grc' dir='ltr'><strong>ιι</strong></span> <span class='ocrx_word' id='word_1_111' title='bbox 978 1437 1037 1519; x_wconf 90' lang='lat' dir='ltr'><strong>ipsi</strong></span> <span class='ocrx_word' id='word_1_112' title='bbox 1054 1439 1211 1520; x_wconf 84' lang='lat' dir='ltr'><strong>praestare</strong></span> <span class='ocrx_word' id='word_1_113' title='bbox 1225 1439 1387 1520; x_wconf 90' lang='lat' dir='ltr'><strong>nequeant,</strong></span> 
     </span>
     <span class='ocr_line' id='line_1_13' title="bbox 146 1539 1388 1626; baseline -0.001 -19"><span class='ocrx_word' id='word_1_114' title='bbox 146 1562 237 1607; x_wconf 89' lang='lat' dir='ltr'><strong>suum</strong></span> <span class='ocrx_word' id='word_1_115' title='bbox 260 1561 382 1626; x_wconf 89' lang='lat' dir='ltr'><strong>prorsus</strong></span> <span class='ocrx_word' id='word_1_116' title='bbox 404 1559 469 1608; x_wconf 89' lang='lat' dir='ltr'><strong>esse</strong></span> <span class='ocrx_word' id='word_1_117' title='bbox 492 1541 608 1606; x_wconf 85' lang='lat' dir='ltr'><strong>vicaria</strong></span> <span class='ocrx_word' id='word_1_118' title='bbox 628 1558 719 1622; x_wconf 90' lang='lat' dir='ltr'><strong>opera</strong></span> <span class='ocrx_word' id='word_1_119' title='bbox 735 1539 865 1605; x_wconf 88' lang='lat' dir='ltr'><strong>aliorum</strong></span> <span class='ocrx_word' id='word_1_120' title='bbox 882 1542 1051 1624; x_wconf 88' lang='lat' dir='ltr'><strong>praestare,</strong></span> <span class='ocrx_word' id='word_1_121' title='bbox 1073 1541 1120 1606; x_wconf 89' lang='lat' dir='ltr'><strong>ita</strong></span> <span class='ocrx_word' id='word_1_122' title='bbox 1136 1543 1171 1606; x_wconf 91' lang='lat' dir='ltr'><strong>nt</strong></span> <span class='ocrx_word' id='word_1_123' title='bbox 1185 1543 1388 1607; x_wconf 90' lang='lat' dir='ltr'><strong>necessariam</strong></span> 
     </span>
     <span class='ocr_line' id='line_1_14' title="bbox 146 1644 1388 1730; baseline 0.001 -21"><span class='ocrx_word' id='word_1_124' title='bbox 146 1645 304 1730; x_wconf 87' lang='lat' dir='ltr'><strong>religionis</strong></span> <span class='ocrx_word' id='word_1_125' title='bbox 327 1645 500 1709; x_wconf 83' lang='lat' dir='ltr'><strong>doctrinam</strong></span> <span class='ocrx_word' id='word_1_126' title='bbox 523 1663 559 1708; x_wconf 87' lang='grc' dir='ltr'><strong>ιιι</strong></span> <span class='ocrx_word' id='word_1_127' title='bbox 581 1644 740 1727; x_wconf 85' lang='lat' dir='ltr'><strong>magistris</strong></span> <span class='ocrx_word' id='word_1_128' title='bbox 759 1645 895 1726; x_wconf 89' lang='lat' dir='ltr'><strong>probatis</strong></span> <span class='ocrx_word' id='word_1_129' title='bbox 911 1644 1041 1710; x_wconf 84' lang='lat' dir='ltr'><strong>audiant</strong></span> <span class='ocrx_word' id='word_1_130' title='bbox 1055 1645 1145 1710; x_wconf 89' lang='lat' dir='ltr'><strong>liberi</strong></span> <span class='ocrx_word' id='word_1_131' title='bbox 1161 1647 1194 1710; x_wconf 91' lang='lat' dir='ltr'><strong>et</strong></span> <span class='ocrx_word' id='word_1_132' title='bbox 1208 1645 1388 1729; x_wconf 90' lang='lat' dir='ltr'><strong>percipiant.</strong></span> 
     </span>
     <span class='ocr_line' id='line_1_15' title="bbox 147 1748 1389 1833; baseline 0.001 -20"><span class='ocrx_word' id='word_1_133' title='bbox 147 1750 212 1813; x_wconf 87' lang='lat' dir='ltr'><strong>lam</strong></span> <span class='ocrx_word' id='word_1_134' title='bbox 235 1749 314 1814; x_wconf 89' lang='lat' dir='ltr'><strong>illud</strong></span> <span class='ocrx_word' id='word_1_135' title='bbox 338 1767 396 1813; x_wconf 92' lang='lat' dir='ltr'><strong>non</strong></span> <span class='ocrx_word' id='word_1_136' title='bbox 418 1748 592 1832; x_wconf 77' lang='lat' dir='ltr'><strong>infrequens</strong></span> <span class='ocrx_word' id='word_1_137' title='bbox 613 1751 661 1814; x_wconf 93' lang='grc' dir='ltr'><strong>ιιι</strong></span> <span class='ocrx_word' id='word_1_138' title='bbox 682 1748 856 1832; x_wconf 83' lang='lat' dir='ltr'><strong>exemplum</strong></span> <span class='ocrx_word' id='word_1_139' title='bbox 879 1766 953 1812; x_wconf 89' lang='lat' dir='ltr'><strong>sano</strong></span> <span class='ocrx_word' id='word_1_140' title='bbox 976 1749 1219 1832; x_wconf 87' lang='lat' dir='ltr'><strong>pulcherrimum</strong></span> <span class='ocrx_word' id='word_1_141' title='bbox 1233 1749 1389 1833; x_wconf 83' lang='lat' dir='ltr'><strong>religionis</strong></span> 
     </span>
     <span class='ocr_line' id='line_1_16' title="bbox 147 1849 1390 1936; baseline 0.001 -18"><span class='ocrx_word' id='word_1_142' title='bbox 147 1852 456 1936; x_wconf 88' lang='lat' dir='ltr'><strong>munificientiaeque,</strong></span> <span class='ocrx_word' id='word_1_143' title='bbox 477 1858 522 1931; x_wconf 92' lang='grc' dir='ltr'>ιιι,</span> <span class='ocrx_word' id='word_1_144' title='bbox 546 1852 658 1935; x_wconf 91' lang='lat' dir='ltr'><strong>quibus</strong></span> <span class='ocrx_word' id='word_1_145' title='bbox 680 1849 756 1917; x_wconf 90' lang='lat' dir='ltr'><strong>locis</strong></span> <span class='ocrx_word' id='word_1_146' title='bbox 776 1851 899 1917; x_wconf 87' lang='lat' dir='ltr'><strong>scbolae</strong></span> <span class='ocrx_word' id='word_1_147' title='bbox 916 1852 1020 1917; x_wconf 90' lang='lat' dir='ltr'><strong>nullae</strong></span> <span class='ocrx_word' id='word_1_148' title='bbox 1036 1854 1157 1936; x_wconf 86' lang='lat' dir='ltr'><strong>publice</strong></span> <span class='ocrx_word' id='word_1_149' title='bbox 1173 1857 1315 1936; x_wconf 89' lang='lat' dir='ltr'><strong>paterent</strong></span> <span class='ocrx_word' id='word_1_150' title='bbox 1330 1854 1390 1920; x_wconf 88' lang='lat' dir='ltr'><strong>nisi</strong></span> 
     </span>
     <span class='ocr_line' id='line_1_17' title="bbox 147 1955 1390 2041; baseline 0.002 -19"><span class='ocrx_word' id='word_1_151' title='bbox 147 1976 224 2041; x_wconf 88' lang='lat' dir='ltr'><strong>quae</strong></span> <span class='ocrx_word' id='word_1_152' title='bbox 243 1963 372 2024; x_wconf 72' lang='lat' dir='ltr'><strong>metrae</strong></span> <span class='ocrx_word' id='word_1_153' title='bbox 396 1959 562 2034; x_wconf 83' lang='lat' dir='ltr'><strong>vocantur,</strong></span> <span class='ocrx_word' id='word_1_154' title='bbox 592 1955 737 2021; x_wconf 88' lang='lat' dir='ltr'><strong>catholici</strong></span> <span class='ocrx_word' id='word_1_155' title='bbox 761 1956 819 2022; x_wconf 84' lang='lat' dir='ltr'><strong>uiri</strong></span> <span class='ocrx_word' id='word_1_156' title='bbox 843 1957 965 2039; x_wconf 84' lang='lat' dir='ltr'><strong>magnis</strong></span> <span class='ocrx_word' id='word_1_157' title='bbox 988 1956 1145 2023; x_wconf 89' lang='lat' dir='ltr'><strong>laboribus</strong></span> <span class='ocrx_word' id='word_1_158' title='bbox 1164 1961 1197 2024; x_wconf 91' lang='lat' dir='ltr'><strong>et</strong></span> <span class='ocrx_word' id='word_1_159' title='bbox 1215 1959 1390 2041; x_wconf 89' lang='lat' dir='ltr'><strong>sumptibus</strong></span> 
     </span>
     <span class='ocr_line' id='line_1_18' title="bbox 146 2060 1390 2144; baseline 0.004 -20"><span class='ocrx_word' id='word_1_160' title='bbox 146 2061 324 2144; x_wconf 88' lang='lat' dir='ltr'><strong>aperuerint</strong></span> <span class='ocrx_word' id='word_1_161' title='bbox 346 2062 445 2125; x_wconf 89' lang='lat' dir='ltr'><strong>certas</strong></span> <span class='ocrx_word' id='word_1_162' title='bbox 468 2078 549 2139; x_wconf 90' lang='lat' dir='ltr'><strong>suas,</strong></span> <span class='ocrx_word' id='word_1_163' title='bbox 573 2061 604 2128; x_wconf 87' lang='lat' dir='ltr'><strong>et</strong></span> <span class='ocrx_word' id='word_1_164' title='bbox 628 2060 694 2144; x_wconf 90' lang='lat' dir='ltr'><strong>pari</strong></span> <span class='ocrx_word' id='word_1_165' title='bbox 717 2061 893 2126; x_wconf 90' lang='lat' dir='ltr'><strong>constantia</strong></span> <span class='ocrx_word' id='word_1_166' title='bbox 914 2061 1099 2128; x_wconf 85' lang='lat' dir='ltr'><strong>sustentent.</strong></span> <span class='ocrx_word' id='word_1_167' title='bbox 1135 2061 1297 2128; x_wconf 86' lang='lat' dir='ltr'><strong>Plaeclarn</strong></span> <span class='ocrx_word' id='word_1_168' title='bbox 1313 2062 1390 2129; x_wconf 90' lang='lat' dir='ltr'><strong>haec</strong></span> 
     </span>
     <span class='ocr_line' id='line_1_19' title="bbox 146 2163 1388 2249; baseline 0.003 -21"><span class='ocrx_word' id='word_1_169' title='bbox 146 2167 177 2229; x_wconf 92' lang='grc' dir='ltr'><strong>ιι</strong></span> <span class='ocrx_word' id='word_1_170' title='bbox 201 2165 358 2230; x_wconf 88' lang='lat' dir='ltr'><strong>tutissima</strong></span> <span class='ocrx_word' id='word_1_171' title='bbox 380 2165 551 2230; x_wconf 82' lang='lat' dir='ltr'><strong>iuuentutis</strong></span> <span class='ocrx_word' id='word_1_172' title='bbox 574 2163 725 2248; x_wconf 84' lang='lat' dir='ltr'><strong>perfugia,</strong></span> <span class='ocrx_word' id='word_1_173' title='bbox 750 2164 804 2230; x_wconf 90' lang='lat' dir='ltr'><strong>ubi</strong></span> <span class='ocrx_word' id='word_1_174' title='bbox 824 2183 899 2248; x_wconf 90' lang='lat' dir='ltr'><strong>opus</strong></span> <span class='ocrx_word' id='word_1_175' title='bbox 922 2167 981 2244; x_wconf 89' lang='lat' dir='ltr'><strong>ost,</strong></span> <span class='ocrx_word' id='word_1_176' title='bbox 1005 2183 1058 2249; x_wconf 88' lang='lat' dir='ltr'><strong>pro</strong></span> <span class='ocrx_word' id='word_1_177' title='bbox 1081 2185 1184 2232; x_wconf 89' lang='lat' dir='ltr'><strong>rernm</strong></span> <span class='ocrx_word' id='word_1_178' title='bbox 1207 2168 1240 2232; x_wconf 90' lang='lat' dir='ltr'><strong>et</strong></span> <span class='ocrx_word' id='word_1_179' title='bbox 1254 2166 1388 2232; x_wconf 90' lang='lat' dir='ltr'><strong>locorum</strong></span> 
     </span>
     <span class='ocr_line' id='line_1_20' title="bbox 146 2268 1142 2352; baseline 0.002 -19"><span class='ocrx_word' id='word_1_180' title='bbox 146 2269 328 2348; x_wconf 88' lang='lat' dir='ltr'><strong>rationibus,</strong></span> <span class='ocrx_word' id='word_1_181' title='bbox 352 2269 414 2334; x_wconf 90' lang='lat' dir='ltr'><strong>alia</strong></span> <span class='ocrx_word' id='word_1_182' title='bbox 436 2271 528 2352; x_wconf 88' lang='lat' dir='ltr'><strong>atque</strong></span> <span class='ocrx_word' id='word_1_183' title='bbox 551 2268 613 2332; x_wconf 89' lang='lat' dir='ltr'><strong>alia</strong></span> <span class='ocrx_word' id='word_1_184' title='bbox 636 2268 784 2333; x_wconf 89' lang='lat' dir='ltr'><strong>constitui</strong></span> <span class='ocrx_word' id='word_1_185' title='bbox 807 2268 941 2333; x_wconf 83' lang='lat' dir='ltr'><strong>maxime</strong></span> <span class='ocrx_word' id='word_1_186' title='bbox 963 2268 1142 2351; x_wconf 89' lang='lat' dir='ltr'><strong>optandum.</strong></span> 
     </span>
    </p>

    <p class='ocr_par' dir='ltr' id='par_1_3' title="bbox 74 2368 1390 4646">
     <span class='ocr_line' id='line_1_21' title="bbox 250 2368 1389 2458; baseline -0.001 -18"><span class='ocrx_word' id='word_1_187' title='bbox 250 2373 357 2458; x_wconf 87' lang='lat' dir='ltr'><strong>Neque</strong></span> <span class='ocrx_word' id='word_1_188' title='bbox 380 2372 503 2438; x_wconf 87' lang='lat' dir='ltr'><strong>silentio</strong></span> <span class='ocrx_word' id='word_1_189' title='bbox 525 2368 782 2455; x_wconf 86' lang='lat' dir='ltr'><strong>praetereundum</strong></span> <span class='ocrx_word' id='word_1_190' title='bbox 805 2375 862 2451; x_wconf 89' lang='lat' dir='ltr'><strong>est,</strong></span> <span class='ocrx_word' id='word_1_191' title='bbox 887 2372 1089 2438; x_wconf 87' lang='lat' dir='ltr'><strong>christianam</strong></span> <span class='ocrx_word' id='word_1_192' title='bbox 1112 2373 1283 2439; x_wconf 84' lang='lat' dir='ltr'><strong>iuventutis</strong></span> <span class='ocrx_word' id='word_1_193' title='bbox 1297 2374 1389 2439; x_wconf 90' lang='lat' dir='ltr'><strong>insti·</strong></span> 
     </span>
     <span class='ocr_line' id='line_1_22' title="bbox 146 2475 1389 2559; baseline 0.002 -18"><span class='ocrx_word' id='word_1_194' title='bbox 146 2477 297 2541; x_wconf 88' lang='lat' dir='ltr'><strong>tutionem</strong></span> <span class='ocrx_word' id='word_1_195' title='bbox 331 2477 363 2540; x_wconf 94' lang='lat' dir='ltr'><strong>in</strong></span> <span class='ocrx_word' id='word_1_196' title='bbox 394 2475 560 2540; x_wconf 81' lang='lat' dir='ltr'><strong>maximam</strong></span> <span class='ocrx_word' id='word_1_197' title='bbox 594 2475 692 2559; x_wconf 90' lang='lat' dir='ltr'><strong>ipsios</strong></span> <span class='ocrx_word' id='word_1_198' title='bbox 722 2475 908 2559; x_wconf 89' lang='lat' dir='ltr'><strong>reipublicae</strong></span> <span class='ocrx_word' id='word_1_199' title='bbox 937 2476 1016 2542; x_wconf 81' lang='lat' dir='ltr'><strong>uerti</strong></span> <span class='ocrx_word' id='word_1_200' title='bbox 1039 2475 1219 2546; x_wconf 88' lang='lat' dir='ltr'><strong>utilitatem.</strong></span> <span class='ocrx_word' id='word_1_201' title='bbox 1243 2513 1283 2526; x_wconf 92' lang='lat'>-</span> <span class='ocrx_word' id='word_1_202' title='bbox 1308 2477 1389 2545; x_wconf 87' lang='lat' dir='ltr'><strong>Sane</strong></span> 
     </span>
     <span class='ocr_line' id='line_1_23' title="bbox 146 2578 1386 2664; baseline 0.002 -19"><span class='ocrx_word' id='word_1_203' title='bbox 146 2581 245 2664; x_wconf 89' lang='lat' dir='ltr'><strong>liquet</strong></span> <span class='ocrx_word' id='word_1_204' title='bbox 267 2578 505 2644; x_wconf 90' lang='lat' dir='ltr'><strong>innumerabilia</strong></span> <span class='ocrx_word' id='word_1_205' title='bbox 528 2580 560 2644; x_wconf 90' lang='lat' dir='ltr'><strong>et</strong></span> <span class='ocrx_word' id='word_1_206' title='bbox 582 2580 722 2662; x_wconf 85' lang='lat' dir='ltr'><strong>ingentia</strong></span> <span class='ocrx_word' id='word_1_207' title='bbox 746 2580 906 2645; x_wconf 89' lang='lat' dir='ltr'><strong>damnaei</strong></span> <span class='ocrx_word' id='word_1_208' title='bbox 929 2580 1050 2646; x_wconf 84' lang='lat' dir='ltr'><strong>civitati</strong></span> <span class='ocrx_word' id='word_1_209' title='bbox 1074 2581 1241 2648; x_wconf 87' lang='lat' dir='ltr'><strong>metuenda</strong></span> <span class='ocrx_word' id='word_1_210' title='bbox 1255 2599 1331 2661; x_wconf 88' lang='lat' dir='ltr'><strong>esse,</strong></span> <span class='ocrx_word' id='word_1_211' title='bbox 1355 2583 1386 2648; x_wconf 89' lang='lat' dir='ltr'><strong>in</strong></span> 
     </span>
     <span class='ocr_line' id='line_1_24' title="bbox 146 2684 1388 2770; baseline 0.004 -21"><span class='ocrx_word' id='word_1_212' title='bbox 146 2703 208 2768; x_wconf 90' lang='lat' dir='ltr'><strong>qua</strong></span> <span class='ocrx_word' id='word_1_213' title='bbox 237 2684 364 2750; x_wconf 88' lang='lat' dir='ltr'><strong>docendi</strong></span> <span class='ocrx_word' id='word_1_214' title='bbox 394 2685 475 2749; x_wconf 90' lang='lat' dir='ltr'><strong>ratio</strong></span> <span class='ocrx_word' id='word_1_215' title='bbox 499 2687 530 2750; x_wconf 92' lang='grc' dir='ltr'><strong>ιι</strong></span> <span class='ocrx_word' id='word_1_216' title='bbox 551 2684 714 2766; x_wconf 89' lang='lat' dir='ltr'><strong>disciplina</strong></span> <span class='ocrx_word' id='word_1_217' title='bbox 735 2685 778 2750; x_wconf 89' lang='lat' dir='ltr'><strong>sit</strong></span> <span class='ocrx_word' id='word_1_218' title='bbox 800 2704 907 2769; x_wconf 82' lang='lat' dir='ltr'><strong>expers</strong></span> <span class='ocrx_word' id='word_1_219' title='bbox 927 2685 1103 2769; x_wconf 84' lang='lat' dir='ltr'><strong>religionis,</strong></span> <span class='ocrx_word' id='word_1_220' title='bbox 1134 2690 1204 2762; x_wconf 91' lang='lat' dir='ltr'><strong>ant,</strong></span> <span class='ocrx_word' id='word_1_221' title='bbox 1236 2687 1317 2770; x_wconf 91' lang='lat' dir='ltr'><strong>qnod</strong></span> <span class='ocrx_word' id='word_1_222' title='bbox 1339 2689 1388 2754; x_wconf 90' lang='lat' dir='ltr'><strong>est</strong></span> 
     </span>
     <span class='ocr_line' id='line_1_25' title="bbox 147 2787 1390 2874; baseline 0.002 -21"><span class='ocrx_word' id='word_1_223' title='bbox 147 2788 292 2866; x_wconf 89' lang='lat' dir='ltr'><strong>deterius,</strong></span> <span class='ocrx_word' id='word_1_224' title='bbox 316 2787 355 2852; x_wconf 87' lang='lat' dir='ltr'><strong>ab</strong></span> <span class='ocrx_word' id='word_1_225' title='bbox 379 2807 414 2853; x_wconf 92' lang='lat' dir='ltr'><strong>ea</strong></span> <span class='ocrx_word' id='word_1_226' title='bbox 438 2787 595 2855; x_wconf 87' lang='lat' dir='ltr'><strong>dissideat.</strong></span> <span class='ocrx_word' id='word_1_227' title='bbox 623 2788 737 2854; x_wconf 85' lang='lat' dir='ltr'><strong>Statim</strong></span> <span class='ocrx_word' id='word_1_228' title='bbox 755 2790 837 2852; x_wconf 89' lang='lat' dir='ltr'><strong>enim</strong></span> <span class='ocrx_word' id='word_1_229' title='bbox 853 2808 889 2853; x_wconf 88' lang='lat' dir='ltr'><strong>ac</strong></span> <span class='ocrx_word' id='word_1_230' title='bbox 903 2789 1116 2872; x_wconf 87' lang='lat' dir='ltr'><strong>posthabitum</strong></span> <span class='ocrx_word' id='word_1_231' title='bbox 1130 2791 1162 2855; x_wconf 91' lang='lat' dir='ltr'><strong>et</strong></span> <span class='ocrx_word' id='word_1_232' title='bbox 1178 2791 1390 2874; x_wconf 87' lang='lat' dir='ltr'><strong>contemptum</strong></span> 
     </span>
     <span class='ocr_line' id='line_1_26' title="bbox 147 2891 1389 2977; baseline 0 -19"><span class='ocrx_word' id='word_1_233' title='bbox 147 2895 188 2958; x_wconf 89' lang='lat' dir='ltr'><strong>sit</strong></span> <span class='ocrx_word' id='word_1_234' title='bbox 200 2911 376 2976; x_wconf 87' lang='lat' dir='ltr'><strong>supremum</strong></span> <span class='ocrx_word' id='word_1_235' title='bbox 390 2892 467 2956; x_wconf 91' lang='lat' dir='ltr'><strong>illud</strong></span> <span class='ocrx_word' id='word_1_236' title='bbox 480 2891 679 2976; x_wconf 86' lang='lat' dir='ltr'><strong>divinumque</strong></span> <span class='ocrx_word' id='word_1_237' title='bbox 692 2893 916 2977; x_wconf 86' lang='lat' dir='ltr'><strong>magisterium,</strong></span> <span class='ocrx_word' id='word_1_238' title='bbox 930 2894 1018 2958; x_wconf 88' lang='lat' dir='ltr'><strong>cuius</strong></span> <span class='ocrx_word' id='word_1_239' title='bbox 1029 2894 1238 2960; x_wconf 87' lang='lat' dir='ltr'><strong>admonitione</strong></span> <span class='ocrx_word' id='word_1_240' title='bbox 1247 2892 1389 2960; x_wconf 89' lang='lat' dir='ltr'><strong>iubemur</strong></span> 
     </span>
     <span class='ocr_line' id='line_1_27' title="bbox 146 2995 1388 3081; baseline 0 -19"><span class='ocrx_word' id='word_1_241' title='bbox 146 2995 244 3062; x_wconf 84' lang='lat' dir='ltr'><strong>vereri</strong></span> <span class='ocrx_word' id='word_1_242' title='bbox 269 2995 324 3060; x_wconf 90' lang='lat' dir='ltr'><strong>Dei</strong></span> <span class='ocrx_word' id='word_1_243' title='bbox 347 2996 579 3074; x_wconf 88' lang='lat' dir='ltr'><strong>auctoritatem,</strong></span> <span class='ocrx_word' id='word_1_244' title='bbox 612 2997 811 3081; x_wconf 89' lang='lat' dir='ltr'><strong>eiusdemque</strong></span> <span class='ocrx_word' id='word_1_245' title='bbox 838 2997 1034 3062; x_wconf 90' lang='lat' dir='ltr'><strong>firmamento</strong></span> <span class='ocrx_word' id='word_1_246' title='bbox 1055 2997 1160 3062; x_wconf 87' lang='lat' dir='ltr'><strong>omnia</strong></span> <span class='ocrx_word' id='word_1_247' title='bbox 1181 2996 1239 3062; x_wconf 90' lang='lat' dir='ltr'><strong>Dei</strong></span> <span class='ocrx_word' id='word_1_248' title='bbox 1261 2997 1388 3064; x_wconf 87' lang='lat' dir='ltr'><strong>oracula</strong></span> 
     </span>
     <span class='ocr_line' id='line_1_28' title="bbox 143 3099 1390 3186; baseline -0.002 -18"><span class='ocrx_word' id='word_1_249' title='bbox 143 3105 249 3168; x_wconf 89' lang='lat' dir='ltr'><strong>tenere</strong></span> <span class='ocrx_word' id='word_1_250' title='bbox 272 3100 444 3168; x_wconf 86' lang='lat' dir='ltr'><strong>certissima</strong></span> <span class='ocrx_word' id='word_1_251' title='bbox 467 3099 537 3179; x_wconf 89' lang='lat' dir='ltr'><strong>fide,</strong></span> <span class='ocrx_word' id='word_1_252' title='bbox 558 3100 620 3165; x_wconf 90' lang='lat' dir='ltr'><strong>iam</strong></span> <span class='ocrx_word' id='word_1_253' title='bbox 642 3102 786 3185; x_wconf 87' lang='lat' dir='ltr'><strong>proclivis</strong></span> <span class='ocrx_word' id='word_1_254' title='bbox 810 3104 859 3166; x_wconf 89' lang='lat' dir='ltr'><strong>est</strong></span> <span class='ocrx_word' id='word_1_255' title='bbox 879 3103 1031 3166; x_wconf 90' lang='lat' dir='ltr'><strong>humanae</strong></span> <span class='ocrx_word' id='word_1_256' title='bbox 1055 3102 1202 3167; x_wconf 89' lang='lat' dir='ltr'><strong>scientiae</strong></span> <span class='ocrx_word' id='word_1_257' title='bbox 1224 3101 1263 3168; x_wconf 94' lang='lat' dir='ltr'><strong>ad</strong></span> <span class='ocrx_word' id='word_1_258' title='bbox 1286 3102 1390 3186; x_wconf 91' lang='lat' dir='ltr'><strong>perni-</strong></span> 
     </span>
     <span class='ocr_line' id='line_1_29' title="bbox 145 3205 1387 3287; baseline -0.001 -15"><span class='ocrx_word' id='word_1_259' title='bbox 145 3206 331 3272; x_wconf 90' lang='lat' dir='ltr'><strong>ciosissimos</strong></span> <span class='ocrx_word' id='word_1_260' title='bbox 361 3223 495 3282; x_wconf 88' lang='lat' dir='ltr'><strong>errores,</strong></span> <span class='ocrx_word' id='word_1_261' title='bbox 531 3205 563 3269; x_wconf 93' lang='lat' dir='ltr'><strong>in</strong></span> <span class='ocrx_word' id='word_1_262' title='bbox 593 3205 701 3286; x_wconf 91' lang='lat' dir='ltr'><strong>primis</strong></span> <span class='ocrx_word' id='word_1_263' title='bbox 734 3206 937 3273; x_wconf 78' lang='lat' dir='ltr'><strong>nataralicmi</strong></span> <span class='ocrx_word' id='word_1_264' title='bbox 969 3211 1001 3270; x_wconf 87' lang='lat' dir='ltr'><strong>et</strong></span> <span class='ocrx_word' id='word_1_265' title='bbox 1027 3207 1257 3287; x_wconf 74' lang='lat' dir='ltr'><strong>rctioaoltsmi,</strong></span> <span class='ocrx_word' id='word_1_266' title='bbox 1288 3206 1387 3272; x_wconf 90' lang='lat' dir='ltr'><strong>ruina.</strong></span> 
     </span>
     <span class='ocr_line' id='line_1_30' title="bbox 144 3307 1389 3404; baseline 0.001 -29"><span class='ocrx_word' id='word_1_267' title='bbox 144 3312 226 3376; x_wconf 92' lang='lat' dir='ltr'><strong>Hinc</strong></span> <span class='ocrx_word' id='word_1_268' title='bbox 250 3309 319 3386; x_wconf 87' lang='lat' dir='ltr'><strong>fiet,</strong></span> <span class='ocrx_word' id='word_1_269' title='bbox 350 3310 385 3372; x_wconf 89' lang='grc' dir='ltr'><strong>ιι</strong></span> <span class='ocrx_word' id='word_1_270' title='bbox 408 3307 556 3373; x_wconf 90' lang='lat' dir='ltr'><strong>iudicium</strong></span> <span class='ocrx_word' id='word_1_271' title='bbox 580 3309 689 3372; x_wconf 89' lang='lat' dir='ltr'><strong>arbit</strong></span> <span class='ocrx_word' id='word_1_272' title='bbox 648 3311 806 3391; x_wconf 89' lang='lat' dir='ltr'><strong>trrumquo</strong></span> <span class='ocrx_word' id='word_1_273' title='bbox 828 3309 866 3374; x_wconf 90' lang='lat' dir='ltr'><strong>de</strong></span> <span class='ocrx_word' id='word_1_274' title='bbox 889 3309 980 3376; x_wconf 90' lang='lat' dir='ltr'><strong>rebus</strong></span> <span class='ocrx_word' id='word_1_275' title='bbox 1003 3309 1231 3404; x_wconf 83' lang='lat' dir='ltr'><strong>intelligendis,</strong></span> <span class='ocrx_word' id='word_1_276' title='bbox 1259 3329 1296 3376; x_wconf 90' lang='lat' dir='ltr'><strong>ac</strong></span> <span class='ocrx_word' id='word_1_277' title='bbox 1317 3329 1389 3394; x_wconf 91' lang='lat' dir='ltr'><strong>pro·</strong></span> 
     </span>
     <span class='ocr_line' id='line_1_31' title="bbox 145 3412 1388 3498; baseline -0.002 -18"><span class='ocrx_word' id='word_1_278' title='bbox 145 3417 254 3483; x_wconf 85' lang='lat' dir='ltr'><strong>cliuius</strong></span> <span class='ocrx_word' id='word_1_279' title='bbox 278 3414 315 3480; x_wconf 93' lang='lat' dir='ltr'><strong>de</strong></span> <span class='ocrx_word' id='word_1_280' title='bbox 339 3412 485 3497; x_wconf 81' lang='lat' dir='ltr'><strong>agendis,</strong></span> <span class='ocrx_word' id='word_1_281' title='bbox 507 3412 624 3476; x_wconf 91' lang='lat' dir='ltr'><strong>bomini</strong></span> <span class='ocrx_word' id='word_1_282' title='bbox 647 3412 776 3478; x_wconf 89' lang='lat' dir='ltr'><strong>cuilibet</strong></span> <span class='ocrx_word' id='word_1_283' title='bbox 798 3414 1017 3496; x_wconf 87' lang='lat' dir='ltr'><strong>permittatur,</strong></span> <span class='ocrx_word' id='word_1_284' title='bbox 963 3416 1080 3479; x_wconf 89' lang='lat' dir='ltr'><strong>uret</strong></span> <span class='ocrx_word' id='word_1_285' title='bbox 1098 3416 1242 3480; x_wconf 90' lang='lat' dir='ltr'><strong>continuo</strong></span> <span class='ocrx_word' id='word_1_286' title='bbox 1264 3414 1388 3498; x_wconf 87' lang='lat' dir='ltr'><strong>publica</strong></span> 
     </span>
     <span class='ocr_line' id='line_1_32' title="bbox 74 3462 1389 3606; baseline -0.001 -22"><span class='ocrx_word' id='word_1_287' title='bbox 74 3544 81 3564; x_wconf 58' lang='grc' dir='ltr'><strong>ι</strong></span> <span class='ocrx_word' id='word_1_288' title='bbox 144 3521 363 3606; x_wconf 87' lang='lat' dir='ltr'><strong>imperantium</strong></span> <span class='ocrx_word' id='word_1_289' title='bbox 389 3518 523 3584; x_wconf 86' lang='lat' dir='ltr'><strong>auctorit</strong></span> <span class='ocrx_word' id='word_1_290' title='bbox 524 3536 557 3582; x_wconf 91' lang='lat' dir='ltr'><strong>as</strong></span> <span class='ocrx_word' id='word_1_291' title='bbox 509 3516 745 3582; x_wconf 87' lang='lat' dir='ltr'><strong>tdebilitata</strong></span> <span class='ocrx_word' id='word_1_292' title='bbox 766 3515 868 3582; x_wconf 87' lang='lat' dir='ltr'><strong>iaceat</strong></span> <span class='ocrx_word' id='word_1_293' title='bbox 893 3520 926 3583; x_wconf 91' lang='grc' dir='ltr'><strong>ιι</strong></span> <span class='ocrx_word' id='word_1_294' title='bbox 954 3462 1089 3586; x_wconf 74' lang='lat' dir='ltr'><strong>afflicta:</strong></span> <span class='ocrx_word' id='word_1_295' title='bbox 1120 3517 1232 3602; x_wconf 88' lang='lat' dir='ltr'><strong>quibus</strong></span> <span class='ocrx_word' id='word_1_296' title='bbox 1257 3537 1389 3602; x_wconf 85' lang='lat' dir='ltr'><strong>namque</strong></span> 
     </span>
     <span class='ocr_line' id='line_1_33' title="bbox 144 3621 1389 3707; baseline 0.001 -19"><span class='ocrx_word' id='word_1_297' title='bbox 144 3627 262 3690; x_wconf 91' lang='lat' dir='ltr'><strong>inserta</strong></span> <span class='ocrx_word' id='word_1_298' title='bbox 281 3627 323 3689; x_wconf 88' lang='grc' dir='ltr'><strong>ιιι</strong></span> <span class='ocrx_word' id='word_1_299' title='bbox 345 3625 477 3707; x_wconf 85' lang='lat' dir='ltr'><strong>pessima</strong></span> <span class='ocrx_word' id='word_1_300' title='bbox 499 3621 616 3705; x_wconf 91' lang='lat' dir='ltr'><strong>opinio,</strong></span> <span class='ocrx_word' id='word_1_301' title='bbox 651 3641 684 3687; x_wconf 92' lang='lat' dir='ltr'><strong>se</strong></span> <span class='ocrx_word' id='word_1_302' title='bbox 718 3621 804 3698; x_wconf 89' lang='lat' dir='ltr'><strong>nollo</strong></span> <span class='ocrx_word' id='word_1_303' title='bbox 838 3625 929 3705; x_wconf 91' lang='lat' dir='ltr'><strong>pacto</strong></span> <span class='ocrx_word' id='word_1_304' title='bbox 962 3623 1095 3706; x_wconf 86' lang='lat' dir='ltr'><strong>obligari</strong></span> <span class='ocrx_word' id='word_1_305' title='bbox 1126 3623 1335 3690; x_wconf 89' lang='lat' dir='ltr'><strong>dominatione</strong></span> <span class='ocrx_word' id='word_1_306' title='bbox 1356 3627 1389 3689; x_wconf 93' lang='lat' dir='ltr'><strong>et</strong></span> 
     </span>
     <span class='ocr_line' id='line_1_34' title="bbox 144 3725 1389 3810; baseline 0 -18"><span class='ocrx_word' id='word_1_307' title='bbox 144 3729 280 3793; x_wconf 90' lang='lat' dir='ltr'><strong>rectione</strong></span> <span class='ocrx_word' id='word_1_308' title='bbox 302 3726 377 3806; x_wconf 92' lang='lat' dir='ltr'><strong>Dei,</strong></span> <span class='ocrx_word' id='word_1_309' title='bbox 407 3725 573 3810; x_wconf 89' lang='lat' dir='ltr'><strong>permirum</strong></span> <span class='ocrx_word' id='word_1_310' title='bbox 606 3745 680 3791; x_wconf 91' lang='lat' dir='ltr'><strong>sane</strong></span> <span class='ocrx_word' id='word_1_311' title='bbox 709 3725 736 3790; x_wconf 89' lang='grc' dir='ltr'><strong>ιι</strong></span> <span class='ocrx_word' id='word_1_312' title='bbox 763 3725 896 3791; x_wconf 89' lang='lat' dir='ltr'><strong>bominis</strong></span> <span class='ocrx_word' id='word_1_313' title='bbox 919 3726 1017 3792; x_wconf 92' lang='lat' dir='ltr'><strong>ullum</strong></span> <span class='ocrx_word' id='word_1_314' title='bbox 1041 3727 1203 3810; x_wconf 91' lang='lat' dir='ltr'><strong>imperium</strong></span> <span class='ocrx_word' id='word_1_315' title='bbox 1227 3727 1389 3793; x_wconf 88' lang='lat' dir='ltr'><strong>observent</strong></span> 
     </span>
     <span class='ocr_line' id='line_1_35' title="bbox 145 3829 1389 3916; baseline -0.002 -19"><span class='ocrx_word' id='word_1_316' title='bbox 145 3835 177 3897; x_wconf 91' lang='grc' dir='ltr'><strong>ιι</strong></span> <span class='ocrx_word' id='word_1_317' title='bbox 200 3833 366 3916; x_wconf 88' lang='lat' dir='ltr'><strong>patiantur.</strong></span> <span class='ocrx_word' id='word_1_318' title='bbox 413 3829 633 3895; x_wconf 69' lang='lat' dir='ltr'><strong>fundamentis</strong></span> <span class='ocrx_word' id='word_1_319' title='bbox 656 3848 726 3896; x_wconf 86' lang='lat' dir='ltr'><strong>vero</strong></span> <span class='ocrx_word' id='word_1_320' title='bbox 750 3831 780 3894; x_wconf 95' lang='lat' dir='ltr'><strong>in</strong></span> <span class='ocrx_word' id='word_1_321' title='bbox 803 3830 914 3914; x_wconf 90' lang='lat' dir='ltr'><strong>quibus</strong></span> <span class='ocrx_word' id='word_1_322' title='bbox 937 3831 1037 3896; x_wconf 88' lang='lat' dir='ltr'><strong>omnis</strong></span> <span class='ocrx_word' id='word_1_323' title='bbox 1068 3833 1238 3897; x_wconf 87' lang='lat' dir='ltr'><strong>auctoritas</strong></span> <span class='ocrx_word' id='word_1_324' title='bbox 1266 3831 1389 3910; x_wconf 88' lang='lat' dir='ltr'><strong>nititur,</strong></span> 
     </span>
     <span class='ocr_line' id='line_1_36' title="bbox 145 3933 1390 4018; baseline 0 -18"><span class='ocrx_word' id='word_1_325' title='bbox 145 3936 264 4013; x_wconf 83' lang='lat' dir='ltr'><strong>excisis,</strong></span> <span class='ocrx_word' id='word_1_326' title='bbox 286 3936 416 4001; x_wconf 90' lang='lat' dir='ltr'><strong>societas</strong></span> <span class='ocrx_word' id='word_1_327' title='bbox 440 3933 663 3999; x_wconf 91' lang='lat' dir='ltr'><strong>coniunctionis</strong></span> <span class='ocrx_word' id='word_1_328' title='bbox 688 3934 839 3999; x_wconf 90' lang='lat' dir='ltr'><strong>hnmanae</strong></span> <span class='ocrx_word' id='word_1_329' title='bbox 860 3935 1024 4000; x_wconf 85' lang='lat' dir='ltr'><strong>resolvitur</strong></span> <span class='ocrx_word' id='word_1_330' title='bbox 1048 3938 1080 4000; x_wconf 90' lang='grc' dir='ltr'><strong>ιι</strong></span> <span class='ocrx_word' id='word_1_331' title='bbox 1103 3935 1280 4018; x_wconf 89' lang='lat' dir='ltr'><strong>dissipatur,</strong></span> <span class='ocrx_word' id='word_1_332' title='bbox 1303 3934 1390 4000; x_wconf 89' lang='lat' dir='ltr'><strong>nulla</strong></span> 
     </span>
     <span class='ocr_line' id='line_1_37' title="bbox 146 4037 1389 4122; baseline -0.002 -17"><span class='ocrx_word' id='word_1_333' title='bbox 146 4039 206 4105; x_wconf 90' lang='grc' dir='ltr'>ιιιι</span> <span class='ocrx_word' id='word_1_334' title='bbox 231 4058 282 4103; x_wconf 89' lang='grc' dir='ltr'><strong>ιιι</strong></span> <span class='ocrx_word' id='word_1_335' title='bbox 311 4040 452 4121; x_wconf 90' lang='lat' dir='ltr'><strong>publica,</strong></span> <span class='ocrx_word' id='word_1_336' title='bbox 483 4037 659 4104; x_wconf 90' lang='lat' dir='ltr'><strong>dominatus</strong></span> <span class='ocrx_word' id='word_1_337' title='bbox 689 4057 844 4103; x_wconf 90' lang='lat' dir='ltr'><strong>armornm</strong></span> <span class='ocrx_word' id='word_1_338' title='bbox 868 4039 977 4122; x_wconf 88' lang='lat' dir='ltr'><strong>plenus</strong></span> <span class='ocrx_word' id='word_1_339' title='bbox 996 4041 1028 4104; x_wconf 90' lang='lat' dir='ltr'><strong>et</strong></span> <span class='ocrx_word' id='word_1_340' title='bbox 1050 4039 1201 4104; x_wconf 87' lang='lat' dir='ltr'><strong>scelerum</strong></span> <span class='ocrx_word' id='word_1_341' title='bbox 1224 4038 1389 4121; x_wconf 87' lang='lat' dir='ltr'><strong>occupabit</strong></span> 
     </span>
     <span class='ocr_line' id='line_1_38' title="bbox 146 4141 1390 4226; baseline 0.003 -20"><span class='ocrx_word' id='word_1_342' title='bbox 146 4144 258 4210; x_wconf 89' lang='lat' dir='ltr'><strong>omnia.</strong></span> <span class='ocrx_word' id='word_1_343' title='bbox 304 4143 387 4208; x_wconf 75' lang='lat' dir='ltr'><strong>Nunc</strong></span> <span class='ocrx_word' id='word_1_344' title='bbox 411 4161 480 4207; x_wconf 86' lang='lat' dir='ltr'><strong>vero</strong></span> <span class='ocrx_word' id='word_1_345' title='bbox 509 4144 577 4207; x_wconf 89' lang='lat' dir='ltr'><strong>tam</strong></span> <span class='ocrx_word' id='word_1_346' title='bbox 604 4141 757 4207; x_wconf 85' lang='lat' dir='ltr'><strong>funestam</strong></span> <span class='ocrx_word' id='word_1_347' title='bbox 789 4142 1000 4208; x_wconf 88' lang='lat' dir='ltr'><strong>calamitatem</strong></span> <span class='ocrx_word' id='word_1_348' title='bbox 1036 4144 1132 4226; x_wconf 89' lang='lat' dir='ltr'><strong>possit</strong></span> <span class='ocrx_word' id='word_1_349' title='bbox 1162 4143 1290 4222; x_wconf 84' lang='lat' dir='ltr'><strong>civitas,</strong></span> <span class='ocrx_word' id='word_1_350' title='bbox 1325 4146 1390 4210; x_wconf 87' lang='lat' dir='ltr'><strong>suis</strong></span> 
     </span>
     <span class='ocr_line' id='line_1_39' title="bbox 146 4247 1390 4332; baseline 0 -19"><span class='ocrx_word' id='word_1_351' title='bbox 146 4249 214 4331; x_wconf 88' lang='lat' dir='ltr'><strong>ipsa</strong></span> <span class='ocrx_word' id='word_1_352' title='bbox 229 4247 337 4330; x_wconf 91' lang='lat' dir='ltr'><strong>opibus</strong></span> <span class='ocrx_word' id='word_1_353' title='bbox 353 4249 441 4326; x_wconf 85' lang='lat' dir='ltr'><strong>treta,</strong></span> <span class='ocrx_word' id='word_1_354' title='bbox 464 4247 647 4331; x_wconf 79' lang='lat' dir='ltr'><strong>deprecari?</strong></span> <span class='ocrx_word' id='word_1_355' title='bbox 672 4267 744 4312; x_wconf 89' lang='lat' dir='ltr'><strong>nurn</strong></span> <span class='ocrx_word' id='word_1_356' title='bbox 761 4249 866 4330; x_wconf 89' lang='lat' dir='ltr'><strong>possit,</strong></span> <span class='ocrx_word' id='word_1_357' title='bbox 890 4248 1049 4315; x_wconf 77' lang='lat' dir='ltr'><strong>Ecclesiae</strong></span> <span class='ocrx_word' id='word_1_358' title='bbox 1064 4248 1203 4314; x_wconf 90' lang='lat' dir='ltr'><strong>subsidia</strong></span> <span class='ocrx_word' id='word_1_359' title='bbox 1219 4250 1390 4332; x_wconf 76' lang='lat' dir='ltr'><strong>respuens?</strong></span> 
     </span>
     <span class='ocr_line' id='line_1_40' title="bbox 77 4351 1389 4437; baseline -0.002 -18"><span class='ocrx_word' id='word_1_360' title='bbox 77 4415 78 4420; x_wconf 75' lang='grc'>,</span> <span class='ocrx_word' id='word_1_361' title='bbox 146 4373 219 4418; x_wconf 93' lang='lat' dir='ltr'><strong>num</strong></span> <span class='ocrx_word' id='word_1_362' title='bbox 243 4352 351 4437; x_wconf 91' lang='lat' dir='ltr'><strong>possit,</strong></span> <span class='ocrx_word' id='word_1_363' title='bbox 370 4370 440 4416; x_wconf 86' lang='lat' dir='ltr'><strong>curn</strong></span> <span class='ocrx_word' id='word_1_364' title='bbox 464 4351 602 4416; x_wconf 75' lang='lat' dir='ltr'><strong>Ecclesia</strong></span> <span class='ocrx_word' id='word_1_365' title='bbox 623 4351 875 4436; x_wconf 72' lang='lat' dir='ltr'><strong>confligenst-</strong></span> <span class='ocrx_word' id='word_1_366' title='bbox 899 4353 959 4417; x_wconf 85' lang='lat' dir='ltr'><strong>Res</strong></span> <span class='ocrx_word' id='word_1_367' title='bbox 983 4353 1128 4436; x_wconf 87' lang='lat' dir='ltr'><strong>prudenti</strong></span> <span class='ocrx_word' id='word_1_368' title='bbox 1150 4353 1260 4437; x_wconf 87' lang='lat' dir='ltr'><strong>cuique</strong></span> <span class='ocrx_word' id='word_1_369' title='bbox 1283 4354 1389 4436; x_wconf 86' lang='lat' dir='ltr'><strong>aperta</strong></span> 
     </span>
     <span class='ocr_line' id='line_1_41' title="bbox 146 4455 1390 4540; baseline -0.002 -16"><span class='ocrx_word' id='word_1_370' title='bbox 146 4457 372 4540; x_wconf 87' lang='lat' dir='ltr'><strong>manifestaque</strong></span> <span class='ocrx_word' id='word_1_371' title='bbox 395 4459 451 4520; x_wconf 90' lang='lat' dir='ltr'><strong>ost.</strong></span> <span class='ocrx_word' id='word_1_372' title='bbox 474 4455 611 4539; x_wconf 90' lang='lat' dir='ltr'><strong>-Ipsa</strong></span> <span class='ocrx_word' id='word_1_373' title='bbox 626 4456 724 4540; x_wconf 87' lang='lat' dir='ltr'><strong>igitur</strong></span> <span class='ocrx_word' id='word_1_374' title='bbox 739 4456 839 4520; x_wconf 82' lang='lat' dir='ltr'><strong>civilis</strong></span> <span class='ocrx_word' id='word_1_375' title='bbox 862 4457 1003 4540; x_wconf 80' lang='lat' dir='ltr'><strong>prudent</strong></span> <span class='ocrx_word' id='word_1_376' title='bbox 995 4477 1025 4520; x_wconf 88' lang='lat' dir='ltr'><strong>ra</strong></span> <span class='ocrx_word' id='word_1_377' title='bbox 980 4457 1188 4534; x_wconf 87' lang='lat' dir='ltr'><strong>t,suadel</strong></span> <span class='ocrx_word' id='word_1_378' title='bbox 1178 4477 1211 4522; x_wconf 89' lang='lat' dir='ltr'><strong>ro</strong></span> <span class='ocrx_word' id='word_1_379' title='bbox 1228 4457 1390 4524; x_wconf 80' lang='lat' dir='ltr'><strong>iuuentute</strong></span> 
     </span>
     <span class='ocr_line' id='line_1_42' title="bbox 146 4560 1387 4646; baseline -0.002 -18"><span class='ocrx_word' id='word_1_380' title='bbox 146 4561 313 4628; x_wconf 88' lang='lat' dir='ltr'><strong>erudienda</strong></span> <span class='ocrx_word' id='word_1_381' title='bbox 339 4564 372 4627; x_wconf 90' lang='grc' dir='ltr'><strong>ιι</strong></span> <span class='ocrx_word' id='word_1_382' title='bbox 396 4560 588 4628; x_wconf 87' lang='lat' dir='ltr'><strong>instituenda</strong></span> <span class='ocrx_word' id='word_1_383' title='bbox 615 4581 703 4628; x_wconf 90' lang='lat' dir='ltr'><strong>suam</strong></span> <span class='ocrx_word' id='word_1_384' title='bbox 730 4564 849 4645; x_wconf 89' lang='lat' dir='ltr'><strong>partern</strong></span> <span class='ocrx_word' id='word_1_385' title='bbox 874 4561 1021 4646; x_wconf 87' lang='lat' dir='ltr'><strong>episcopis</strong></span> <span class='ocrx_word' id='word_1_386' title='bbox 1043 4565 1076 4628; x_wconf 90' lang='grc' dir='ltr'><strong>ιι</strong></span> <span class='ocrx_word' id='word_1_387' title='bbox 1097 4562 1177 4629; x_wconf 92' lang='lat' dir='ltr'><strong>clero</strong></span> <span class='ocrx_word' id='word_1_388' title='bbox 1201 4581 1266 4628; x_wconf 88' lang='grc' dir='ltr'>ιιιι</span> <span class='ocrx_word' id='word_1_389' title='bbox 1290 4561 1387 4626; x_wconf 91' lang='lat' dir='ltr'><strong>relin-</strong></span> 
     </span>
    </p>
   </div>
   <div class='ocr_carea' id='block_1_3' title="bbox 0 0 1585 4917">
    <p class='ocr_par' dir='ltr' id='par_1_4' title="bbox 0 0 1585 4917">
     <span class='ocr_line' id='line_1_43' title="bbox 0 0 1585 4917; baseline 0 0"><span class='ocrx_word' id='word_1_390' title='bbox 0 0 1585 4917; x_wconf 95' lang='lat' dir='ltr'><strong> </strong></span> 
     </span>
    </p>
   </div>
  </div>
 </body>
</html>
