3159 4917
180 175 242 242 124
421 193 449 248 S.
468 191 499 248 0.
518 191 609 250 Oouc.
626 193 670 248 11.
689 192 762 249 Dec.
779 191 856 248 1886
873 193 911 248 dc
929 194 1070 249 oratorio
1088 193 1171 263 prio.

178 367 280 434 carius
302 366 499 450 capitularis,
528 367 730 451 cognatorum
750 365 855 432 lavore
878 365 1028 432 similium
1052 366 1197 433 Brevium
1221 365 1344 431 indulta
1365 384 1416 430 re·

178 470 386 558 cognoverint,
409 471 579 556 postulavit
599 489 738 538 normam
761 470 822 536 eibi
845 489 965 556 quoqne
988 470 1055 536 dari
1073 490 1128 555 pro
1143 469 1294 537 eiusmodi
1310 489 1420 537 execu-

176 575 314 643 tiouibus
334 576 401 660 jam
422 575 564 661 peractis.

281 687 350 753 Hae
383 687 546 773 petitiones
578 687 726 753 remissae
759 687 884 754 luerunt
918 686 957 752 ad
987 685 1019 754 S.
1043 686 1077 754 0.
1102 687 1136 754 (l.
1160 705 1216 772 pro
1237 686 1419 754 authentica

178 792 397 859 declaratione.

282 904 565 988 Disceptationibue
588 902 765 988 praemissis
787 904 1014 987 proponebatur

727 1077 878 1146 Dubium

281 1219 330 1284 An
352 1216 550 1302 priuilegium
572 1215 697 1284 oratorii
720 1217 834 1301 priuati
857 1235 1035 1284 conoessum
1050 1217 1107 1283 sub
1123 1216 1255 1283 formula
1274 1217 1418 1300 »eiusque

179 1320 259 1388 natis
281 1323 314 1388 et
340 1321 599 1390 descendentibus
634 1323 667 1387 in
699 1324 902 1407 perpetuum«
938 1321 1118 1388 emensibile
1152 1322 1196 1388 sit
1227 1340 1346 1406 quoque
1378 1321 1419 1387 ad

177 1428 326 1510 cognatos
347 1426 380 1491 in
400 1444 483 1493 casu.

281 1547 453 1616 Resolutio.
485 1545 579 1614 Sacra
601 1545 630 1614 S.
654 1521 790 1614 Ocnoilii
805 1566 839 1613 re
859 1546 999 1614 discussa
1019 1547 1077 1614 snb
1100 1547 1150 1613 die
1173 1547 1223 1616 11.
1239 1545 1419 1614 Decembris

179 1653 263 1719 1886
286 1652 406 1720 censuit
428 1651 627 1737 respondere:
651 1651 813 1737 Nepotiane.

178 1883 212 1947 2.
234 1879 329 1948 Decr.
344 1901 371 1948 a.
383 1879 495 1966 Oonpr.
510 1879 641 1947 Rideam
655 1880 757 1964 quood
772 1879 1036 1947 concoctiones
1052 1878 1198 1946 corkaiae
1213 1883 1417 1946 rcmuaroluc.

453 2019 560 2087 Dubia
582 2021 669 2088 circo
690 2019 853 2087 Ecclesiam
873 2021 1145 2088 commeasses.

580 2139 584 2148 ⁴
686 2159 909 2228 Barchinonen.

281 2298 419 2364 Ecclesia
439 2297 624 2382 parochialis
647 2298 704 2364 sub
728 2297 822 2364 titulo
844 2296 978 2365 Sanctae
998 2297 1118 2364 Mariae
1140 2298 1172 2363 in
1187 2297 1253 2363 loco
1268 2296 1421 2364 Macrone

177 2405 364 2486 nuncupato,
388 2403 469 2468 inira
488 2402 564 2468 lines
586 2403 766 2470 Dioeeesees
783 2403 1006 2482 Barchinonen,
1032 2404 1067 2468 ut
1082 2405 1261 2468 consecrata
1276 2401 1417 2479 babetur,

177 2508 246 2571 tum
268 2507 341 2591 qula
362 2508 401 2572 ab
423 2506 561 2591 antiquis
583 2506 772 2591 temporibus
795 2507 1039 2573 anniversarium
1061 2506 1277 2572 Dedicaticnes
1299 2525 1421 2590 semper

177 2611 368 2677 celebratum
390 2610 452 2676 luit
476 2611 637 2677 Dominica
660 2613 815 2695 postrema
835 2610 995 2690 Octobris,
1024 2612 1091 2676 tum
1123 2610 1196 2694 quia
1223 2609 1256 2675 in
1288 2609 1418 2676 demoli-

176 2715 260 2780 tione
283 2715 432 2799 primitivi
454 2716 572 2782 Altaris
595 2715 652 2781 sub
676 2732 729 2781 ara
750 2717 907 2801 repertum
922 2716 984 2780 fuit
1001 2734 1063 2780 una
1078 2734 1148 2780 cum
1163 2715 1298 2800 quinque
1312 2715 1420 2798 granis

176 2817 294 2884 incensi
317 2822 348 2885 et
363 2821 459 2886 sacris
476 2819 624 2904 Reliquiis
640 2821 853 2905 pervetustum
869 2819 1087 2886 documentum
1103 2820 1248 2886 adserens
1264 2820 1418 2902 peractam

177 2923 455 3003 consecrationem
478 2926 546 2990 tum
570 2925 644 3009 quia
658 2925 891 3008 reperiebantur
905 2925 937 2990 in
953 2924 1122 3008 parietibus
1137 2923 1250 2990 Cruces
1269 2923 1419 3007 depictae,

176 3028 310 3093 testibus
349 3029 519 3094 senioribus
554 3028 720 3112 superioris
753 3028 871 3094 saeculi
905 3029 1003 3113 ipsius
1036 3027 1184 3094 ecclesiae
1218 3026 1420 3094 beneficiatis.

177 3131 280 3214 Quum
300 3151 389 3212 vero,
413 3135 568 3200 crescente
591 3132 717 3217 populo,
739 3132 890 3217 templum
911 3131 1136 3217 amplificatum
1158 3131 1269 3210 fuerit,
1294 3132 1421 3197 intactis

177 3237 348 3320 parietibus
370 3237 561 3315 lateralibus,
586 3240 618 3302 et
640 3237 778 3303 dirutum
803 3236 898 3304 luerit
913 3237 1022 3304 Altare
1044 3237 1154 3316 maius,
1177 3237 1291 3302 sensim
1306 3235 1421 3304 Cruces

178 3341 402 3424 disparuerunt,
427 3343 459 3406 et
481 3361 560 3408 anno
584 3342 748 3408 millesimo
765 3341 1022 3425 octingentesimo
1038 3341 1293 3427 quinquagesimo
1308 3343 1421 3425 quarto

177 3445 330 3529 parietum
350 3446 475 3512 interna
498 3445 591 3512 lacies
614 3445 766 3530 perpolita
788 3448 820 3511 et
840 3451 954 3525 macco,
978 3445 1025 3510 nti
1048 3448 1170 3526 uocant,
1191 3446 1334 3528 cooperta
1350 3445 1420 3524 luit,

178 3549 286 3615 Altero
318 3553 423 3615 tamen
453 3550 562 3635 majori
592 3569 647 3615 nec
677 3550 734 3616 liro
765 3569 821 3617 nec
846 3549 969 3634 lapideo
998 3568 1079 3615 nunc
1106 3549 1255 3634 temporie
1286 3551 1421 3615 extante.

177 3655 221 3720 At
242 3673 312 3720 varo
334 3673 427 3739 quum
451 3653 579 3719 dubium
603 3654 727 3738 aliquod
751 3654 788 3720 de
811 3655 880 3739 ipsa
902 3655 1130 3722 consecratione
1150 3655 1254 3720 ortum
1272 3654 1324 3734 sit,
1347 3652 1421 3719 binc

178 3757 343 3825 hodiernus
367 3759 489 3837 Rector,
514 3758 772 3846 Archipresbyter
794 3759 826 3824 et
849 3757 956 3825 Clarus
978 3757 1116 3843 ejusdem
1132 3759 1281 3825 ecclesiae
1296 3757 1421 3824 seruitio

178 3861 336 3941 addictus,
360 3860 398 3927 de
420 3881 569 3928 consensu
594 3863 696 3929 Rssmi
720 3862 860 3948 Episcopi
885 3862 1156 3944 Barchinonensis,
1181 3862 1344 3929 Sacrorum
1366 3862 1422 3928 Ri-

177 3969 265 4032 tuum
288 3966 527 4052 congregationi
550 3968 710 4052 sequentia
733 3967 835 4033 Dubia
864 3986 918 4051 pro
940 3969 1111 4052 opportuna
1132 3967 1285 4034 solutione
1306 3966 1424 4033 humil·

175 4071 252 4138 lime
273 4071 480 4151 subiecerunt,
505 4071 670 4137 nimirum:

283 4191 425 4260 Dabitur
446 4193 475 4260 I.
509 4193 622 4260 Utrum
646 4192 841 4278 praedictum
861 4195 1015 4278 templum
1044 4194 1084 4260 cb
1114 4194 1231 4260 iactam
1251 4193 1423 4278 amplifica·

177 4296 295 4364 tionem
317 4317 396 4364 nora
415 4297 556 4384 indigeat
578 4298 835 4365 consecratione?

282 4417 424 4487 &dium
445 4419 494 4486 11.
530 4419 571 4486 ut
592 4427 746 4505 quatenus
768 4423 924 4506 negative,
948 4439 1022 4487 num
1044 4439 1124 4489 noua
1145 4418 1335 4489 consecratio
1357 4419 1425 4486 lieri

181 4522 292 4591 debeat
315 4527 438 4610 propter
460 4525 558 4592 mecm
578 4525 794 4591 additionem?
