3159 4917
179 180 243 246 366
284 198 398 254 Leonis
417 195 502 254 Xlll.
522 198 567 253 22.
590 199 659 255 Dec.
678 199 752 255 1887
771 199 1013 269 orcbtcptecopis
1031 204 1062 255 et
1080 204 1233 271 episcopis
1254 201 1420 257 Bacurius.

179 374 256 449 tute,
280 371 395 436 tacitus
418 370 513 448 ierat;
538 370 568 436 io
592 372 750 438 tolerando
767 373 850 437 mala
866 371 949 437 facta
964 375 1006 438 sit
1021 375 1139 451 cautus,
1161 393 1258 459 neque
1274 375 1421 457 improbis

181 475 245 540 ulla
266 475 299 539 in
323 493 353 540 re
374 475 523 540 assentiat
546 495 620 542 neve
641 479 832 543 assentetur:
856 495 888 541 re
909 480 1011 542 autem
1030 478 1206 563 argenteio
1223 478 1420 555 alterutrum,

181 580 238 644 Ilei
259 599 295 644 oe
319 581 486 645 recusanda
508 580 593 645 iussa
609 601 646 646 au
664 580 902 666 gratificandum
921 581 1105 659 hominibus,
1130 582 1328 648 memorabile
1344 583 1420 648 illud

181 683 455 769 dignissimumque
476 685 692 768 Apostolorum
717 704 895 768 responsum
919 686 1016 750 libera
1039 705 1111 752 roco
1128 691 1273 770 usurpet:
1298 687 1423 770 Oportet

180 789 302 854 obedire
326 787 392 854 Deo
415 789 515 873 magis
537 811 630 872 quom
652 789 830 856 bominibus
852 789 937 874 (Act.
959 790 995 866 V,
1019 792 1084 874 ab).

284 889 339 980 [a]
384 893 432 958 Ab
464 893 519 958 boc
550 893 646 959 veluti
682 893 901 959 adumbratum
933 893 1088 977 specimen
1115 895 1153 959 de
1177 895 1295 961 ratione
1316 913 1423 960 sacrae

180 996 350 1062 iuventutis
372 996 527 1076 colendae,
550 998 682 1063 adiicere
702 998 779 1063 libet
803 1001 835 1062 et
850 1017 981 1081 aequum
1000 1000 1057 1075 est,
1077 1017 1155 1081 quae
1177 999 1214 1062 ad
1231 999 1422 1064 iuventutem

182 1102 213 1165 io
230 1102 406 1164 universum
423 1102 594 1183 pertinent:
616 1103 681 1166 eius
697 1103 778 1166 enim
796 1102 954 1168 institutio
971 1102 1060 1168 valde
1076 1101 1141 1168 Nos
1157 1102 1306 1169 sollicitos
1320 1104 1422 1179 babet,

181 1206 226 1284 ot,
249 1205 313 1269 sive
336 1204 375 1270 ad
397 1205 515 1270 cultum
531 1205 645 1270 mentis
661 1205 724 1271 sire
741 1206 780 1271 ad
798 1207 1015 1288 perfectionem
1032 1207 1137 1285 animi,
1157 1209 1240 1272 recte
1257 1207 1421 1271 admodum

180 1309 362 1392 integreque
381 1309 537 1374 succedat.
569 1345 610 1358 -
637 1309 798 1375 Novellam
822 1315 957 1375 aetatem
982 1314 1119 1376 materno
1144 1311 1283 1376 Ecclesia
1304 1329 1423 1393 semper

181 1413 257 1479 fovit
278 1412 454 1495 compleam
478 1413 544 1479 eius
567 1415 717 1497 praesidio
733 1414 854 1479 labores
870 1415 1020 1496 plurimos
1036 1415 1250 1480 amantissime
1272 1413 1423 1498 impendit

180 1517 212 1582 et
234 1516 367 1599 plurima
389 1518 569 1582 adiumenta
590 1519 726 1600 paravit;
758 1518 789 1583 in
815 1519 878 1596 bis,
914 1517 1050 1582 familias
1081 1519 1242 1583 nonnullas
1266 1518 1423 1583 homiuum

180 1619 393 1702 religiosorum
417 1622 620 1700 constitutas,
652 1641 730 1704 quae
752 1623 992 1687 adolescentiam
1016 1623 1173 1688 erudirent
1196 1622 1369 1687 inertibus
1392 1627 1425 1688 et

180 1723 338 1803 doctrinis,
361 1743 397 1790 ac
417 1727 578 1808 praecipue
595 1725 632 1790 ad
650 1726 834 1809 sapientiam
850 1726 970 1791 alerent
985 1727 1195 1809 virtutemque
1211 1727 1422 1792 christianam.

182 1826 232 1892 Sic
259 1827 416 1912 auspicato
445 1828 540 1895 tiebat
571 1831 606 1894 ut
633 1830 666 1894 in
697 1831 814 1896 animos
843 1833 964 1896 teneros
991 1830 1090 1914 pietas
1113 1849 1188 1916 erga
1213 1831 1310 1895 Deum
1333 1830 1424 1895 facile

181 1929 334 2009 influeret,
355 1952 391 1998 er
414 1952 475 2017 qua
497 1933 599 1998 officia
624 1933 755 1998 hominis
777 1934 809 1997 io
833 1953 865 1998 se
888 1935 1024 2018 aliosque
1045 1937 1077 1999 et
1093 1935 1225 2018 patriam
1242 1937 1424 2000 maturrime

183 2035 350 2120 explicata,
380 2037 561 2102 maturrime
592 2039 686 2103 etiam
717 2039 749 2102 io
779 2038 926 2122 optimam
955 2057 1040 2121 spem
1063 2038 1217 2104 florerent.
1267 2038 1424 2104 Ecclesiae

182 2141 280 2226 igitur
301 2141 384 2206 iusta
406 2159 487 2206 nunc
507 2146 554 2207 est
576 2142 752 2226 ingemendi
776 2160 886 2219 causa,
909 2153 1003 2226 quu'm
1028 2143 1131 2207 rideat
1151 2143 1184 2207 in
1207 2143 1316 2226 primis
1339 2147 1424 2208 aeta·

182 2244 258 2310 tulis
280 2244 361 2310 filios
382 2263 452 2311 suos
474 2264 493 2310 a
515 2264 548 2310 se
570 2245 691 2324 diuelli,
720 2251 813 2328 atque
837 2246 869 2309 in
896 2264 947 2311 eos
969 2246 1111 2330 compelli
1135 2247 1302 2313 litterarior
1325 2247 1423 2327 ludos,

182 2345 236 2413 ubi
258 2347 306 2413 vel
329 2349 439 2415 siletur
461 2350 583 2414 omnino
606 2349 718 2415 notitia
741 2349 810 2426 Dei,
833 2349 881 2415 vel
905 2368 1047 2414 mancum
1071 2351 1189 2435 aliquid
1212 2350 1367 2417 delibatur
1385 2351 1423 2416 de

182 2472 219 2518 ea
241 2471 441 2536 perversoque
464 2455 628 2536 miscetur3
652 2454 705 2520 ubi
721 2453 885 2520 colluviem
901 2473 1039 2520 errorum
1055 2455 1141 2520 nulla
1159 2456 1317 2540 repagula,
1338 2456 1425 2521 nulla

182 2557 259 2622 fides
282 2557 475 2623 documentis
498 2557 628 2636 divinis,
663 2557 766 2624 nullus
799 2559 925 2624 veritati
957 2558 1042 2625 locus
1065 2562 1101 2625 ut
1123 2579 1156 2624 se
1177 2561 1244 2643 ipsa
1267 2559 1422 2626 defendat.

182 2661 279 2744 Atqui
302 2661 339 2726 de
362 2661 539 2728 litterarum
562 2662 833 2747 doctrinammque
856 2661 1019 2728 domiciliis
1033 2664 1252 2729 auctoritatem
1269 2665 1425 2732 Ecclesiae

182 2764 353 2831 catholicae
377 2765 547 2850 prohibere,
571 2767 701 2832 maxime
724 2766 873 2831 iniurium
893 2770 951 2846 est,
974 2785 1010 2832 eo
1031 2766 1112 2850 quod
1135 2787 1246 2833 munus
1265 2769 1424 2852 religionis

183 2869 354 2949 docendae,
385 2872 452 2936 eius
475 2869 618 2936 videlicet
640 2872 683 2936 rei
707 2889 767 2955 qua
788 2889 878 2936 nemo
901 2871 991 2937 bomo
1015 2892 1073 2937 oon
1103 2870 1225 2957 indiget
1251 2873 1290 2937 ad
1312 2872 1424 2938 salutis

183 2978 326 3039 aeternae
349 2973 553 3059 adeptionem,
578 2975 716 3041 Ecclesia
731 2994 750 3040 a
765 2972 830 3040 Deo
848 2974 891 3040 sit
914 2974 1040 3053 datum3
1063 2976 1140 3042 nulli
1157 2996 1227 3043 vero
1246 2977 1299 3042 alii
1315 2978 1423 3042 dotum

183 3080 231 3144 est
254 3078 412 3144 hominum
435 3079 597 3156 societati,
632 3098 727 3163 oeque
761 3078 892 3145 societas
928 3079 992 3145 ulla
1027 3081 1086 3145 sibi
1110 3082 1212 3166 potest
1234 3081 1425 3157 adsciscere;

182 3181 311 3266 ideoque
340 3183 408 3266 ipsa
442 3202 532 3249 suum
566 3181 782 3268 propriumque
817 3184 866 3249 ius
899 3184 1010 3251 merito
1043 3186 1200 3264 affirmat,
1235 3185 1423 3252 labefactum

184 3287 394 3370 conqueritur.
477 3309 478 3314 ¹

286 3388 462 3456 Cavendum
483 3391 610 3476 insuper
631 3393 679 3458 est
704 3392 958 3478 vehementerque
981 3393 1170 3471 curandum,
1201 3397 1236 3460 ot
1257 3397 1290 3458 in
1312 3393 1427 3459 sobolis

182 3513 261 3580 quae
284 3494 432 3561 ditionem
455 3496 610 3562 llcclesiae
633 3495 682 3562 vel
706 3498 829 3564 omnino
851 3497 900 3563 rel
922 3498 1037 3582 partim
1057 3499 1257 3576 excusserint,
1281 3517 1318 3563 ne
1344 3497 1425 3584 quod

182 3599 325 3665 iuuentus
355 3600 526 3682 periculum
555 3602 666 3666 subeat
696 3619 772 3668 neve
800 3602 902 3668 ullum
925 3603 957 3668 iu
980 3602 1042 3668 fide
1067 3602 1223 3670 catholica
1246 3622 1426 3688 morumque

184 3703 345 3769 honestate
369 3703 589 3770 detrimentum
610 3705 721 3788 capiat.
767 3707 806 3772 In
836 3726 896 3791 quo
928 3707 1052 3792 quidem
1083 3708 1114 3772 et
1136 3707 1211 3773 cleri
1234 3709 1266 3773 et
1291 3709 1424 3774 virorum

183 3809 347 3892 proborum
370 3809 509 3874 sollertia
531 3810 666 3875 multum
690 3811 818 3891 valebit,
841 3815 909 3876 tum
925 3811 954 3878 si
974 3813 1116 3880 laborent
1130 3816 1166 3877 ut
1181 3812 1339 3897 religionis
1354 3811 1426 3877 doe·

182 3912 266 3977 trina
289 3931 347 3978 ooo
370 3914 470 3978 solum
493 3934 510 3980 s
531 3914 645 3980 sobolis
667 3913 730 3982 illis
755 3935 814 3980 uon
830 3916 1020 3995 exturbetur,
1043 3915 1108 3995 sed,
1130 3936 1191 4000 quo
1207 3936 1263 3999 par
1278 3918 1336 3993 est,
1359 3915 1426 3981 loco

183 4018 318 4096 maneat,
342 4021 526 4102 maneatque
550 4018 630 4102 apud
655 4020 821 4104 magistros
836 4019 960 4086 idoneos
979 4023 1011 4086 et
1025 4023 1184 4104 spectatae
1199 4021 1335 4098 virtutis,
1358 4023 1426 4085 tom

182 4123 209 4186 si
232 4121 296 4186 alia
316 4123 469 4206 quaedam
491 4123 644 4207 praesidia
666 4123 826 4190 inveniant
853 4125 884 4190 et
916 4127 1111 4208 comparent,
1148 4125 1261 4208 quibus
1293 4143 1331 4191 ea
1360 4126 1428 4208 ipsa

183 4225 326 4292 doctrina
356 4225 530 4312 incorrupte
559 4231 590 4294 et
613 4229 771 4296 commode
794 4228 949 4295 iuventuti
972 4229 1181 4313 impertiatur.
1206 4267 1247 4278 -
1271 4229 1428 4295 Valebuot

183 4331 288 4394 autem
311 4332 500 4414 permultum
522 4333 651 4398 consilia
674 4339 707 4398 et
726 4353 818 4418 opera
840 4336 965 4418 patrum
993 4333 1131 4400 familias
1154 4335 1280 4400 sociata.
1325 4333 1427 4415 Quare

183 4450 259 4515 opus
282 4437 329 4500 est
351 4436 558 4503 admonitione
582 4437 620 4502 ad
644 4455 695 4502 eos
717 4441 750 4502 et
773 4438 947 4506 hortatione
969 4442 1086 4524 quanta
1105 4439 1171 4504 fieri
1188 4439 1285 4522 possit
1300 4439 1425 4523 gravio

181 4535 279 4602 sima:
303 4537 401 4604 uelint
422 4540 677 4622 animadvertere,
703 4560 797 4625 quam
819 4561 934 4628 magua
955 4547 1124 4627 sanctaque
1145 4541 1248 4608 officia
1269 4542 1330 4608 sibi
1351 4560 1425 4606 cum
