3159 4917
157 172 203 228 De
221 171 353 243 litnrpia
372 171 510 243 qaudam
527 171 573 227 sio
589 171 676 226 dicia
692 169 821 226 slowicu
834 168 943 226 cathol,
957 170 1104 227 ecclesius
1117 175 1289 232 contrario.
1330 154 1393 220 407

154 344 274 411 nashiae
297 343 388 409 fidem
412 343 567 428 integram
590 345 757 420 seruantes,
780 342 936 421 fovendas,
961 343 1175 428 propagandas
1198 345 1230 410 et
1244 343 1394 410 iurandus

154 449 252 527 curet,
274 451 311 513 ui
331 449 378 514 ihu
400 447 502 526 malis,
524 465 602 532 quae
622 446 833 532 ephemerides
852 446 1095 514 adversariorum
1115 448 1197 514 haud
1217 467 1308 532 porro
1323 467 1393 514 cum

154 552 293 637 proiechu
314 554 436 635 perani,
458 551 563 636 aliquo
585 550 675 616 modo
697 551 870 618 occurahur.
914 549 1022 635 Neque
1045 551 1127 617 enim
1151 551 1294 618 duhiharc
1320 551 1395 619 licet

153 656 320 741 pastoralis
341 654 423 723 cleri
442 656 578 721 muueris
600 674 666 722 esse
686 654 898 739 ephemerides
920 656 1015 722 bonas
1039 656 1147 723 fouere.

257 777 308 843 iia
331 777 393 843 iam
414 778 542 844 rationis
567 778 664 843 Nobis
686 775 860 842 reddendae
884 777 997 844 conscii
1020 779 1220 844 statuendum
1243 779 1393 846 ducimus.

155 879 214 947 Sed
235 882 314 947 ratio
339 882 414 947 haec
436 882 506 966 plus
528 882 668 947 minusve
691 882 786 948 etiarn
809 882 1002 966 singulorum
1025 901 1061 947 ex
1078 883 1165 949 Claro
1180 886 1237 950 est.
1267 884 1393 950 Utinam

155 1004 228 1071 erge
250 1005 356 1052 omnes
379 986 485 1052 Nostri
507 985 687 1052 Sacerdotes
710 986 833 1069 plenam
857 985 922 1051 eius
945 986 1162 1052 conscientiam
1186 991 1344 1054 seruantes
1362 989 1394 1054 ch

155 1090 315 1174 principiis
341 1109 412 1156 rore
437 1089 657 1158 ecclesiasticis
684 1091 903 1174 obsequentes,
933 1091 1016 1156 omni
1042 1092 1177 1172 ratione,
1208 1095 1275 1158 ium
1304 1091 1394 1158 serbo

154 1195 223 1260 dum
245 1213 344 1278 opere,
369 1195 528 1279 Episcopis
549 1194 614 1260 suis
628 1194 802 1260 arctissime
817 1194 915 1260 innoti
932 1196 1072 1260 mutuam
1088 1213 1210 1278 operam
1227 1196 1394 1262 exhibeant

155 1318 209 1382 pro
231 1299 306 1379 Deo,
330 1297 460 1366 Caesare
482 1300 515 1365 ed
537 1297 666 1366 Patria!

258 1439 404 1508 Goriiiuc
425 1439 480 1507 vl.
503 1439 575 1505 Kal.
598 1437 778 1505 Decembris
803 1438 896 1504 1887.

258 1579 281 1662 †
303 1579 467 1664 Aiopsius,
486 1579 634 1662 Princeps
653 1577 912 1662 hrohiepiscopus
931 1575 1113 1643 Gorihicnsis
1133 1578 1165 1643 eh
1184 1577 1392 1662 Metropolim.

258 1684 280 1764 †
299 1683 443 1750 Jouonee
456 1685 701 1766 Nepemuceoas,
725 1680 892 1766 Episcopus
910 1681 1393 1766 Tergestinc·Iustinopoliianus.

258 1787 281 1870 †
305 1788 500 1855 mamone
522 1787 682 1867 Auiones,
705 1787 873 1871 Episcopus
897 1785 1069 1870 Veglensis.

258 1891 445 1975 †1ocodos‚
468 1891 614 1975 Princeps
634 1891 803 1977 Episcopus
826 1890 1020 1957 lubecensis.

258 1997 280 2079 †
302 1995 439 2062 lacones
461 1995 620 2079 Baptista,
644 1995 813 2081 Episcopus
835 1993 1173 2061 Ferentino-Polensis.
