3159 4917
148 235 262 291 aeona
281 234 366 290 xrrr.
386 235 431 288 sa.
454 235 524 290 nec.
542 235 617 290 reor
634 235 877 304 arcneepucope
896 240 927 290 et
943 238 1098 304 metopio
1118 234 1286 290 saveriae.
1325 215 1388 279 365

148 406 235 471 nobis
264 405 418 488 exemplar
439 404 722 482 absolutissimum,
753 423 813 487 quo
844 405 933 470 modo
956 424 1118 488 ageremus
1142 405 1268 470 honeste
1293 406 1389 470 ritum

147 513 179 576 ot
208 511 321 575 bonum
353 509 498 574 ultimum
528 507 664 574 studiose
694 513 918 592 appeteremus.
970 509 1107 592 ipsemet
1131 509 1296 592 discipulos
1319 528 1390 576 suos

145 614 193 679 ita
212 614 250 680 de
270 633 310 694 se¹
323 614 420 678 soluit
441 613 602 680 institutos
625 615 657 678 et
680 613 848 696 periectos:
868 614 916 678 eie
938 614 1038 680 iaceat
1060 614 1117 680 lac
1135 621 1247 691 vestre,
1270 613 1328 680 hoc
1342 616 1391 678 est

148 718 297 796 doctrina,
320 737 427 783 eorem
447 717 636 794 bominibus,
659 723 693 784 at
716 719 842 783 videant
862 739 958 799 opera
978 717 1191 796 cestretona,
1221 737 1279 782 non
1303 735 1390 783 secus

147 823 241 905 atque
272 822 429 886 doctrinae
459 825 660 904 argumenta,
693 828 721 886 et
750 821 925 904 glorificent
957 820 1086 887 Putrem
1114 828 1248 888 oestrum
1277 823 1333 904 qai
1356 823 1390 886 ia

147 926 243 992 ecelis
264 933 309 992 esi
330 925 458 1008 (Matth.
476 925 512 1001 V,
534 925 596 1008 16),
620 923 790 990 doctrinam
817 925 848 988 in
872 945 965 990 unum
989 928 1021 989 et
1036 926 1204 990 bonitatem
1228 924 1391 1007 Evangelii

146 1031 338 1114 complexus,
369 1028 447 1113 quod
477 1029 552 1112 ipsis
578 1028 617 1093 ad
641 1029 873 1112 propagandum
898 1029 1123 1095 committebat,
1149 1065 1187 1076 -
1212 1028 1291 1096 Sunt
1315 1031 1390 1094 haec

146 1154 255 1218 nempe
277 1133 425 1198 instituta
447 1132 566 1214 diuina,
600 1134 711 1216 quibus
734 1134 800 1199 sita
822 1133 1018 1199 sacerdotnm
1041 1135 1240 1216 componatur
1258 1137 1292 1199 et
1315 1133 1391 1198 diri·

147 1241 241 1322 gatur
261 1240 392 1322 oportet.
438 1236 570 1304 Omnino
602 1241 722 1320 oportet
751 1240 784 1301 et
807 1255 930 1303 necesse
953 1242 1000 1302 est
1026 1237 1139 1302 habere
1162 1257 1213 1302 eos
1236 1237 1296 1303 sibi
1319 1258 1389 1321 per·

148 1361 273 1408 suasum
295 1361 331 1408 ac
353 1361 445 1426 prope
469 1340 657 1423 insculptum
681 1341 863 1419 inanimis,
895 1360 929 1406 se
958 1342 1020 1406 iam
1045 1361 1105 1406 nou
1128 1341 1165 1407 de
1187 1342 1303 1407 saeculi
1324 1359 1391 1408 esse

150 1447 357 1525 consortione,
390 1451 424 1511 at
447 1465 517 1512 vero
542 1445 598 1510 liei
620 1445 746 1511 oonsilio
769 1446 883 1510 electos
905 1463 987 1521 esse,
1019 1446 1088 1529 qui,
1120 1448 1151 1510 in
1177 1446 1390 1512 communione

148 1550 263 1618 saeculi
285 1553 419 1616 aebtem
444 1552 585 1632 agentes,
618 1549 714 1614 vitam
739 1552 844 1614 tamen
868 1548 984 1616 Christi
1016 1550 1139 1615 Domini
1160 1550 1276 1617 visent.
1319 1550 1389 1632 Qui,

148 1655 175 1718 si
190 1655 227 1719 de
243 1655 309 1737 ipso
324 1655 354 1718 in
372 1655 498 1737 ipsoque
515 1673 583 1718 uere
600 1654 715 1732 vivent,
738 1655 864 1718 minime
887 1675 966 1736 qaue
987 1674 1048 1719 aaa
1064 1661 1138 1719 eard
1159 1655 1390 1738 quaeritatum,

147 1759 201 1825 sed
224 1759 256 1824 in
279 1760 316 1824 iis
338 1759 474 1843 prolecto
496 1759 556 1824 toti
579 1761 669 1823 erunt
691 1780 771 1841 quae
785 1765 860 1825 eunt
872 1757 954 1824 Jesa
969 1757 1090 1824 Christi
1104 1757 1253 1842 (Philipp.
1267 1758 1309 1836 ll,
1322 1758 1388 1844 21),

147 1883 245 1947 neque
270 1863 428 1928 hominum
450 1862 621 1946 captabunt
641 1863 761 1927 inanem
784 1863 931 1946 gratiam,
955 1862 1008 1926 sed
1031 1863 1165 1946 gratiam
1188 1864 1244 1927 Dei
1258 1862 1389 1928 solidam

148 1969 312 2051 expetent:
349 1968 388 2033 ab
421 1968 468 2033 his
502 1970 607 2032 autem
644 1967 758 2031 infimis
793 1968 884 2032 rebus
913 1971 945 2031 et
975 1967 1158 2050 corruptelis
1180 1967 1388 2046 abstinebunt,

147 2072 373 2148 abhorrebunt,
397 2073 429 2136 et
451 2070 536 2136 lucra
559 2072 704 2136 bonorum
728 2071 908 2136 coelestium
931 2070 1084 2136 industrie
1107 2071 1270 2148 iacientes,
1293 2071 1332 2135 de
1352 2071 1391 2136 iia

148 2174 306 2240 effundent
329 2176 415 2259 large
439 2176 614 2257 hilareque,
647 2178 682 2239 ut
704 2181 832 2241 sanotae
855 2178 903 2241 est
930 2175 1091 2240 caritatis:
1120 2194 1272 2257 nusquam
1303 2193 1391 2257 porro

150 2280 363 2358 committent,
398 2279 433 2344 ut
463 2279 578 2345 iudicio
611 2281 643 2343 et
677 2279 806 2344 arbitrio
838 2281 1047 2362 episcoporum
1078 2281 1134 2343 ant
1158 2283 1314 2362 opponant
1335 2282 1391 2344 aut

147 2383 326 2448 anteferant
348 2402 448 2462 suum,
478 2383 529 2447 sed
553 2382 628 2466 ipsis
650 2383 784 2466 parendo
799 2386 831 2448 et
850 2383 1018 2447 obediendo
1034 2401 1194 2465 personam
1212 2383 1391 2467 gerentibus

147 2483 279 2565 Christi,
314 2487 490 2552 felicissime
524 2487 727 2550 elaborabunt
760 2487 793 2550 in
827 2487 916 2550 uinea
944 2486 1085 2562 Domini,
1115 2486 1203 2569 oopii
1232 2486 1389 2552 fructuum

147 2587 386 2656 lectissimorum
418 2590 457 2653 ad
485 2589 581 2654 vitam
614 2590 833 2673 sempiternam
858 2608 1011 2654 mansura.
1057 2589 1202 2673 Quisquis
1222 2609 1292 2656 vero
1315 2610 1391 2656 sea

146 2697 268 2777 pastore
287 2713 342 2759 sno
365 2697 457 2777 atque
479 2715 497 2759 a
517 2697 674 2777 pastorum
691 2695 833 2772 marimo,
858 2713 983 2758 romano
1001 2693 1161 2771 Pontifiee,
1185 2694 1339 2760 sententia
1358 2700 1390 2759 et

148 2797 305 2863 uoluntate
328 2799 488 2883 abiuogit,
515 2798 600 2863 nnllo
624 2801 712 2880 paeto
733 2799 931 2880 coniungitur
955 2798 1095 2863 consu:
1128 2800 1192 2881 Qui
1213 2819 1267 2865 uos
1288 2799 1389 2876 uadi,

145 2923 194 2968 me
215 2903 326 2984 audit3
358 2909 386 2968 et
414 2903 469 2984 qui
489 2922 545 2968 voa
567 2904 703 2983 spernit,
736 2923 785 2966 me
809 2904 931 2984 spernit
951 2902 1039 2985 (Luc.
1065 2901 1112 2979 X,
1138 2901 1214 2988 lo):
1248 2902 1388 2986 quisquis

146 3011 251 3070 autem
275 3010 322 3070 est
346 3025 365 3069 a
387 3005 510 3072 Christo
533 3006 663 3084 alienus,
686 3005 819 3088 dissipat
841 3004 941 3072 serius
963 3024 1055 3088 qnam
1080 3006 1211 3090 colligit.

249 3107 305 3199 [5.]
340 3110 383 3174 lix
405 3128 465 3194 quo
481 3111 638 3193 praeterea
653 3110 770 3193 speeies
785 3110 952 3193 modusque
971 3111 1242 3194 obtemperationis
1257 3111 1391 3177 homini·

145 3213 201 3278 bus
225 3214 358 3290 debitae,
382 3215 434 3297 qui
457 3214 644 3279 antecedunt
663 3214 788 3296 publiea
811 3218 974 3296 potestate,
996 3215 1028 3278 in
1055 3218 1197 3298 promptu
1213 3219 1271 3281 est.
1293 3216 1390 3282 diam

145 3317 324 3401 longissime
347 3319 451 3395 abest,
486 3319 520 3382 ut
552 3337 608 3382 sua
628 3319 702 3400 ipsis
722 3318 795 3401 jura
819 3318 894 3382 velit
915 3319 1067 3401 quispiam
1089 3319 1222 3385 abnuere
1246 3322 1278 3385 ot
1300 3321 1388 3386 dero·

145 3442 239 3506 gare;
270 3442 306 3488 oe
337 3424 439 3505 potius
462 3425 555 3487 stab
578 3422 647 3486 aliis
669 3422 788 3486 ciuibus
812 3423 1002 3487 observanda
1032 3423 1199 3506 diligenter
1221 3425 1295 3488 sunt
1317 3429 1391 3489 eta

145 3526 355 3592 sacerdotibus
378 3527 576 3611 diligentins:
602 3526 736 3592 Reddite
758 3545 838 3608 quae
852 3532 925 3592 aunt
941 3525 1090 3592 Obscuris
1110 3527 1242 3594 Caesari
1256 3527 1389 3611 (Matth.

21 3631 23 3636 ’
145 3628 247 3709 XXII,
271 3631 336 3714 21).
380 3631 581 3696 Nobilissima
604 3631 801 3714 animatque
824 3630 1043 3696 honestissima
1065 3634 1138 3697 sunt
1160 3633 1284 3708 munia,
1311 3650 1391 3717 qnae

147 3734 220 3798 viris
243 3736 433 3818 principibus
457 3734 556 3814 Deus,
588 3735 763 3801 dominator
792 3739 952 3818 rectorque
975 3755 1130 3811 summus,
1158 3737 1324 3819 imposuit,
1355 3740 1391 3802 ut

146 3839 290 3914 oonsilio,
324 3838 458 3915 ratione,
489 3839 632 3922 omnique
663 3840 803 3905 custodie
834 3840 976 3922 iustitiae
999 3842 1158 3906 civitatem
1182 3841 1388 3921 moderentur,

146 3946 334 4020 conservent,
358 3947 501 4026 augeant.
543 3943 674 4008 Proinde
697 3944 797 4008 clerus
819 3944 943 4027 singula
966 3945 1078 4009 cisium
1095 3944 1198 4010 oliieia
1212 3948 1342 4010 accuret
1358 3949 1390 4010 et

146 4051 340 4130 exsequatur,
360 4065 416 4111 non
434 4045 465 4110 in
480 4066 595 4112 morem
608 4048 779 4125 servientis,
797 4049 850 4113 sed
863 4048 1044 4124 reuerentia
1062 4053 1184 4132 propter
1197 4049 1388 4131 religionem,

146 4167 206 4214 non
222 4153 346 4232 propter
362 4155 496 4228 metum;
521 4152 616 4216 simul
631 4171 701 4217 eum
718 4153 799 4217 iusto
815 4153 969 4235 obsequio,
991 4153 1178 4236 dignitatem
1194 4171 1282 4218 suam
1299 4156 1390 4218 tuen·

146 4257 210 4329 tes,
237 4253 331 4320 iidem
353 4255 434 4320 cives
457 4259 489 4320 et
511 4257 685 4321 sacerdotes
710 4257 776 4322 Dei.
822 4256 910 4338 Quod
934 4257 960 4320 si
988 4257 1110 4341 quando
1134 4257 1203 4336 liat,
1236 4260 1272 4323 ut
1298 4257 1389 4323 civile

144 4357 307 4441 imperium
328 4359 361 4423 iu
385 4358 453 4424 iura
478 4359 535 4425 Dei
558 4365 590 4426 et
613 4359 767 4430 Ecclesiae
788 4363 934 4437 invadat,
957 4363 1024 4426 tum
1048 4363 1114 4428 esto
1137 4382 1155 4426 a
1177 4361 1388 4428 sacerdotibus

144 4462 266 4548 insigne
288 4463 471 4548 exemplum,
494 4464 753 4547 quemadmodum
778 4466 868 4531 homo
890 4464 1088 4542 christianus,
1112 4465 1317 4532 lormidolosis
1337 4485 1387 4530 re·

143 4567 254 4652 ligioni
276 4569 476 4652 temporibus,
497 4569 530 4632 in
549 4567 651 4633 otiicio
670 4571 808 4651 perstare
825 4569 952 4634 debeat:
976 4569 1078 4636 malta
1094 4571 1131 4649 is,
1155 4571 1301 4638 ineolumi
1324 4570 1387 4634 uir·
