3159 4917
755 678 807 760 ΧΙ.

407 819 558 900 decreta
585 819 890 918 congregationum
918 819 1156 901 Romanarum.

426 967 476 1034 (Er
491 966 577 1020 literis
590 966 682 1022 circui.
697 966 814 1034 episcopi
830 967 1133 1038 metamaucenses).

256 1123 283 1181 1.
322 1115 506 1182 Deciorotio
529 1135 554 1182 s.
580 1115 759 1198 Conprepot.
785 1115 920 1182 &acilii
941 1117 980 1181 da
1001 1115 1149 1182 Oratorio
1167 1117 1302 1198 pmooto.

469 1255 626 1321 Romano.
664 1256 940 1337 interpretationis
964 1255 1088 1322 Brevis.

842 1395 899 1460 Die
924 1396 973 1462 ll.
997 1395 1178 1461 Decembris
1203 1395 1296 1462 1886.

571 1516 638 1572 Sess
657 1517 699 1570 22.
719 1517 796 1572 Decr'.
815 1516 856 1571 De
873 1515 978 1572 observ.
995 1520 1024 1571 et
1041 1518 1105 1572 erit.
1123 1519 1152 1572 iu
1170 1517 1252 1572 celeb.
1271 1516 1330 1572 mis.

259 1620 484 1704 Gornpcadium
506 1621 610 1686 Facti.
646 1619 780 1688 isabella
803 1621 923 1689 Milanc
939 1622 1062 1688 ducissa
1080 1621 1287 1701 Mentissam,
1304 1640 1399 1706 quum

154 1745 174 1792 a
196 1723 227 1794 S.
248 1725 283 1790 P.
307 1725 471 1790 Benedicto
492 1725 597 1803 uua,
622 1727 710 1809 cujus
733 1728 801 1791 erat
824 1728 1053 1810 consanguinea
1075 1746 1130 1793 sen
1154 1726 1268 1804 affinis,
1292 1725 1399 1809 petiis-

152 1831 202 1896 set
224 1830 404 1896 facultatem
427 1829 554 1895 oratorii
577 1829 709 1914 privati,
733 1830 819 1896 hisce
840 1850 896 1896 usa
918 1832 1081 1914 precibus:
1104 1831 1193 1915 cupio
1215 1830 1398 1896 facultatem

152 1933 293 2018 erigendi
314 1933 483 2000 oratorium
507 1934 663 2017 privatum
687 1953 741 2018 pro
764 1955 829 2012 me,
861 1935 969 2002 carolo
999 1937 1030 2002 et
1062 1937 1196 2019 Pompeo
1220 1934 1398 2018 Pignatelli‚

153 2039 218 2104 illio
241 2057 309 2104 meo
333 2041 366 2104 et
386 2039 554 2121 respective
577 2040 704 2122 nepote,
737 2058 793 2105 nec
824 2059 883 2105 non
912 2059 966 2123 pro
989 2041 1118 2106 istorum
1143 2039 1399 2106 descendentibus

152 2143 186 2209 in
209 2146 409 2228 perpetuum
433 2142 483 2210 die
506 2144 536 2209 8.
560 2143 750 2210 Junii1725
774 2145 958 2226 rescriptum
980 2145 1009 2210 ei
1030 2145 1109 2212 fnit:
1135 2143 1267 2211 »SSmus
1288 2143 1398 2209 annu-it

151 2247 242 2314 insta
263 2247 398 2331 expetita
419 2265 474 2330 pro
496 2247 567 2312 aliis
589 2249 826 2332 consanguineis
850 2248 967 2316 SSmi.‹

260 2352 299 2416 ut
318 2351 485 2417 secretaria
508 2352 663 2431 Bresinm,
687 2353 802 2419 indulti
822 2354 967 2438 paginam
984 2353 1161 2432 extendens,
1186 2353 1265 2418 banc
1285 2352 1398 2436 priuati

153 2456 282 2522 oratorii
297 2456 431 2541 gratiam
444 2475 619 2522 concessam
634 2457 789 2523 scribebat
808 2459 925 2524 »eidam
943 2457 1095 2524 isabellae
1106 2456 1254 2534 ducissae,
1272 2457 1398 2541 ejusque

153 2560 237 2626 natis
260 2563 292 2626 et
314 2559 571 2626 descendentibus
594 2563 627 2626 in
650 2563 844 2646 perpetuum.

257 2663 402 2732 Jamsero
432 2665 545 2731 nostris
574 2665 683 2731 diebus
710 2668 859 2751 contigit,
889 2668 926 2732 ut
959 2665 1096 2731 marchio
1126 2666 1172 2732 De
1200 2665 1350 2750 Bisogno‚
1378 2685 1397 2730 a

151 2766 293 2854 praelata
312 2769 436 2834 ducissa
457 2769 591 2835 Isabella
611 2789 664 2853 per
684 2771 797 2836 lineam
822 2771 1003 2837 femininam
1025 2769 1231 2848 descendens,
1261 2769 1397 2854 petierit,

151 2873 266 2958 privati
288 2873 415 2940 oratorii
443 2874 640 2958 privilegium
670 2875 701 2940 in
732 2875 793 2940 vim
822 2876 951 2955 Brevis,
986 2877 1126 2960 superius
1158 2875 1305 2958 descripti
1338 2874 1399 2940 sibi

150 2977 340 3062 recognosci,
363 2978 499 3056 admitti,
522 2981 553 3044 et
577 2979 748 3045 executioni
769 2980 959 3048 demandari.
993 2981 1092 3064 Qnam
1112 2999 1188 3055 rem,
1210 2978 1396 3062 paulopost,

151 3081 248 3146 etiam
271 3082 408 3148 marchio
432 3082 573 3148 Marinus
597 3083 783 3160 caracciolu
805 3084 945 3168 aliaeque
965 3084 1085 3150 nobiles
1107 3084 1244 3149 familiae
1269 3103 1287 3148 a
1308 3103 1397 3168 prae·

151 3185 220 3252 iata
243 3186 371 3252 muliere
394 3206 448 3270 per
471 3187 684 3270 cognationem
709 3188 930 3254 descendentes
956 3189 1200 3272 postulaverunt.

256 3289 298 3355 nc
319 3291 461 3375 quamvis
483 3293 650 3358 secretaria
673 3293 830 3372 Boeotum,
855 3293 894 3358 ad
917 3313 982 3358 rem
1006 3295 1125 3376 rogata,
1157 3293 1253 3358 semel
1274 3311 1398 3376 respon-

151 3395 259 3473 disset,
282 3394 478 3483 privilegium
495 3395 631 3462 Oratorii
646 3397 767 3480 privati,
794 3416 973 3463 concessum
995 3398 1098 3480 amplia
1114 3397 1213 3462 iormd
1227 3416 1297 3462 cnm
1313 3396 1398 3461 dicta

151 3498 293 3564 clausula
317 3537 354 3548 -
376 3501 500 3584 ejusque
521 3502 608 3568 natis
630 3507 659 3568 ct
679 3501 933 3568 descendentibus
949 3502 1182 3584 inperpetuum
1199 3538 1237 3548 —
1258 3500 1397 3584 extingui

151 3622 223 3668 oum
246 3603 358 3670 ultimo
381 3607 496 3689 agnato
518 3605 567 3670 vel
590 3607 707 3690 agnata
728 3607 760 3670 in
783 3606 866 3672 linea
883 3607 968 3673 recta
983 3606 1075 3689 primi
1091 3605 1270 3682 indultarii;
1293 3608 1396 3669 tamen

152 3707 295 3774 Autistes
317 3708 530 3792 neapolitanus
553 3709 681 3775 scribit:
714 3710 816 3776 adfuit
845 3711 898 3795 qui
928 3711 960 3775 in
990 3710 1118 3776 dubium
1151 3710 1306 3774 revocarit
1335 3708 1397 3773 vim

152 3812 305 3877 maximae
327 3812 423 3890 illius,
451 3814 540 3896 quasi
561 3813 668 3879 haberi
692 3818 823 3898 nequeat
847 3815 944 3880 veluti
967 3815 1146 3881 authentice
1170 3813 1398 3879 communicata

153 3917 277 3982 nomine
299 3915 386 3982 SSmi
410 3917 529 3998 Patris;
553 3919 585 3984 et
607 3919 658 3982 cui
681 3917 823 4003 derogari
845 3919 944 4002 possit
965 3919 997 3982 in
1017 3917 1249 3984 occurrentibus
1265 3917 1397 3994 casibus,

151 4021 317 4105 praecipue
347 4021 468 4105 quando
499 4020 599 4106 prima
630 4021 737 4089 Brevis
766 4022 938 4089 indultaria
969 4021 1084 4089 femina
1114 4021 1218 4088 [namt.
1265 4021 1398 4105 Ideoque

151 4125 253 4190 orauit
277 4143 363 4191 emus
386 4125 521 4206 Praesui,
546 4126 758 4193 authenticam
782 4127 1022 4193 declarationem
1046 4146 1137 4210 super
1159 4146 1192 4192 re
1215 4126 1291 4194 dari.

257 4229 372 4295 ilorci
395 4230 504 4315 magis,
526 4230 607 4314 quod
630 4233 753 4315 praeter
774 4233 857 4297 hunc
881 4236 914 4297 et
938 4231 991 4297 alii
1015 4231 1191 4297 consimiles
1213 4251 1302 4296 casus
1323 4252 1397 4315 pen-

152 4333 262 4400 derent
284 4333 365 4416 apnd
389 4335 617 4418 neapolitanam
640 4335 783 4415 Curiam,
817 4338 947 4401 duorum
977 4337 1083 4402 tamen
1105 4335 1237 4415 solutio,
1271 4335 1395 4402 interim

151 4457 323 4524 suspensa,
357 4439 540 4522 imploratae
574 4439 719 4505 decisioni
758 4441 887 4506 obnoxia
918 4441 1006 4507 foret.
1060 4441 1190 4525 Insuper
1213 4460 1306 4525 quum
1330 4443 1394 4505 tam

151 4541 227 4626 ipse,
251 4560 344 4626 qnam
367 4535 433 4607 eius
455 4561 542 4608 omns
566 4543 759 4625 antecessor,
792 4547 825 4610 et
847 4543 943 4610 semel
966 4544 1062 4610 etiam
1084 4545 1156 4611 seda
1178 4545 1316 4620 meante,
1341 4543 1395 4609 Vi-
