3159 4917
176 210 239 274 398
280 245 307 282 v.
328 227 522 297 Scblicbtc'nq,
543 227 741 297 Dralurmc'qa
759 225 877 282 Kranae
897 228 963 282 und
982 227 1143 284 Rcclbcrcan
1159 231 1195 284 11
1215 227 1366 285 8111111111
1438 231 1448 250 '

176 403 228 466 aul
247 400 307 465 den
330 398 507 465 erwdhnteu
531 398 681 464 Umstaud
704 397 772 464 ihre
787 397 989 464 Plarrkiuder
1004 398 1211 466 aulmerksarn
1227 421 1264 466 an
1279 402 1425 482 macheu,

174 505 350 570 ausserdem
373 503 531 569 ihrereeits
555 502 695 568 Bedacbt
716 502 830 569 darauf
849 523 886 568 zu
909 503 1028 584 haben,
1061 504 1132 570 dass
1161 505 1210 571 die
1233 507 1423 572 anzuschaf-

173 609 283 674 lenden
307 609 498 674 kirchlicbeu
521 607 593 673 oder
615 627 684 672 zum
705 614 849 673 duseeren
866 607 976 674 (lullus
997 609 1195 674 bestimmten
1216 609 1334 676 Sacheu
1350 611 1422 675 sich

173 714 261 778 nicht
284 731 342 777 nur
363 712 461 777 durch
484 711 672 778 aethalische
695 713 899 797 Austrihrung
928 713 1149 791 ausueichueu,
1179 715 1310 780 sonderu
1338 715 1422 780 auch

173 836 227 883 111
249 817 353 883 Allem
375 816 473 882 durch
496 816 563 881 ihre
586 817 677 882 Form
700 816 755 882 das
777 817 922 901 religiose
937 817 1053 884 (1111111
1070 817 1124 882 der
1138 815 1314 903 Glaubigeu
1331 819 1424 884 nicht

174 921 326 987 verletaen
350 921 411 986 und
435 922 504 985 dem
527 919 694 1004 Inbegriffe
725 921 779 986 der
813 941 871 987 von
901 921 955 986 der
983 921 1126 987 ebersten
1149 923 1334 1006 geistlicheu
1358 925 1423 990 Be-

174 1026 285 1103 hdrde‚
316 1025 345 1089 d.
369 1026 390 1091 i.
417 1045 486 1090 vom
513 1025 650 1108 heiligen
679 1025 906 1108 apostolischeu
930 1025 1040 1092 8111111
1062 1027 1259 1112 approbirten
1280 1029 1343 1092 und
1364 1029 1422 1094 ba-

174 1131 326 1214 statigten
349 1129 486 1214 heiligen
509 1130 701 1195 bircblicbeu
723 1129 904 1196 ldebrtuche
926 1131 959 1196 in
982 1131 1085 1196 nicbts
1107 1131 1354 1198 zuwiderlaufen.

381 1251 458 1317 Vom
481 1252 700 1317 bischdflicheu
723 1252 975 1337 gdech-bathul.
996 1253 1200 1320 Ordiunriate.

259 1373 446 1460 'Praemyll
470 1393 520 1440 am
542 1375 595 1441 30.
617 1373 685 1440 Juli
711 1375 803 1442 1877.

897 1480 1029 1548 dohaec
1051 1501 1092 1548 m.
1110 1501 1154 1564 p.,
1178 1481 1313 1547 Biechof.

279 1651 337 1718 ΙΙΙ,
371 1653 469 1718 Uuter
491 1652 562 1718 dem
588 1653 636 1720 19.
657 1654 721 1718 blai
741 1655 1420 1738 18171111111111111111111111111111

176 1757 230 1819 dar
247 1756 450 1840 Oooprcqatio
470 1757 509 1822 dc
527 1758 737 1842 propaganda
748 1760 812 1842 pide
827 1779 867 1823 au
882 1760 937 1824 das
953 1759 1337 1845 griechiscb-lratholische
1354 1759 1420 1824 Me·

175 1860 511 1944 tropolitauordinariat
534 1862 566 1926 iu
588 1862 756 1948 lamberg:

798 1987 905 2065 Roma,
931 1986 982 2052 19.
1008 1986 1136 2071 Maggio
1161 1987 1255 2064 1887,

408 2104 439 2172 S.
463 2106 710 2192 congregazione
732 2107 764 2171 di
789 2109 990 2194 Propaganda
1013 2128 1065 2192 per
1089 2108 1134 2193 gli
1155 2107 1245 2174 affari
1266 2106 1419 2173 orientali.

959 2231 1014 2298 Nr.
1037 2231 1057 2296 5

1139 2335 1264 2419 Ogetto.

280 2457 444 2522 Praeterea
466 2457 504 2522 ad
527 2457 606 2522 hanc
627 2457 657 2524 S.
683 2457 959 2542 congregationem
985 2457 1102 2523 multae
1128 2457 1315 2542 jampridem
1345 2474 1420 2538 que·

175 2561 258 2624 relae
280 2564 484 2642 pervenerunt
505 2563 613 2627 contra
638 2581 728 2627 usum
750 2561 857 2628 Crucis
879 2563 1027 2641 triremis,
1050 2579 1128 2647 quae
1153 2561 1232 2646 apud
1260 2559 1420 2627 Ruthauos

177 2664 322 2730 invaluit.

279 2785 342 2852 Diu
369 2787 562 2872 multumque
584 2789 616 2853 in
638 2794 802 2872 utramque
823 2790 941 2872 partem
961 2787 1155 2871 disputatum
1177 2789 1243 2866 eet,
1272 2807 1331 2852 nou
1353 2787 1421 2851 sine

176 2891 260 2973 pacis
283 2890 506 2976 charitatisque
531 2892 700 2976 dispendio.
742 2893 853 2976 Itaque
876 2892 916 2957 ad
939 2911 1060 2958 omnem
1084 2892 1142 2959 bac
1166 2911 1256 2976 super
1275 2909 1307 2956 re
1330 2889 1421 2954 dubi·

144 3079 149 3090 ,
176 2995 326 3062 tationem
349 3015 367 3060 a
392 2995 494 3062 medio
516 2996 685 3062 tollendam
709 2997 804 3076 varia,
828 3015 906 3080 quae
929 2996 1094 3062 hincinde
1117 2997 1214 3062 allata
1236 2997 1310 3060 sunt
1326 2995 1421 3059 docu-

176 3102 282 3166 menta
302 3120 338 3164 ac
357 3100 501 3179 rationes,
525 3101 564 3165 ad
586 3101 738 3167 trutinam
762 3102 907 3167 revocata
929 3101 1055 3167 luerunt
1075 3120 1112 3166 ac
1126 3103 1195 3186 post
1211 3100 1352 3167 sedulam
1366 3098 1418 3164 de·

176 3203 390 3272 liberationem
412 3205 492 3273 Emi.
517 3205 627 3272 Patras
650 3205 875 3272 decernendum
898 3207 1076 3271 statuerunt
1099 3205 1239 3285 Crucem,
1260 3206 1296 3270 ut
1321 3204 1421 3287 ajunt,

175 3308 353 3374 Rutbenam
378 3329 431 3392 per
453 3329 485 3374 se
507 3308 592 3375 haud
614 3327 681 3375 esse
703 3308 877 3374 habandam
893 3309 991 3376 veluti
1006 3308 1161 3392 peculiare
1179 3309 1308 3375 russiaci
1323 3308 1421 3375 sabis-

177 3413 270 3479 matis
291 3413 475 3498 symbolum,
498 3431 568 3479 cum
589 3414 635 3479 nil
655 3433 817 3479 commuue
840 3414 955 3480 babeat
977 3433 1047 3480 cum
1070 3413 1227 3498 dogmate.

280 3535 499 3614 Nihilominus,
523 3536 653 3602 11111111
672 3535 881 3620 peculiaribus
901 3535 1146 3602 circumstantiis
1166 3535 1197 3602 S.
1214 3534 1421 3621 Gougregatio

177 3639 214 3704 R.
237 3639 274 3707 R.
300 3641 334 3704 Ρ.
359 3641 393 3707 Ρ.
420 3641 456 3706 D.
479 3639 516 3704 D.
537 3639 702 3706 Sacrorum
723 3641 890 3707 Antistites
916 3641 1006 3725 jubet
1038 3659 1143 3707 severa
1174 3641 1353 3725 probibere,
1383 3657 1419 3704 ne

177 3763 273 3810 novae
296 3745 440 3810 triremes
459 3763 565 3810 cruces
586 3745 746 3829 erigantur
773 3746 822 3812 111
852 3765 922 3812 cum
952 3745 1146 3828 suppedaneo
1176 3743 1340 3822 inclinato,
1372 3743 1419 3808 vel

177 3867 247 3913 cum
270 3848 371 3914 tribus
390 3849 485 3915 ramis
507 3850 688 3933 aequalibus
710 3869 747 3916 ac
769 3849 943 3934 parallelis,
975 3850 1094 3916 erectas
1120 3868 1189 3915 vero
1218 3848 1331 3915 sensim
1355 3848 1420 3912 sine

175 3953 308 4037 strepitu
330 3954 363 4019 et
385 3954 477 4037 capta
498 3955 668 4037 opportuna
690 3955 857 4032 occasione,
881 3954 940 4038 ipsi
957 3954 1079 4020 abolere
1095 3953 1251 4020 studeant.
1281 3952 1419 4036 Denique

176 4057 337 4142 utriusque
360 4057 439 4123 ritus
463 4057 620 4142 episcopis
642 4057 816 4142 injunctum
835 4060 893 4138 est,
917 4059 952 4124 ut
967 4076 1191 4142 quamcumque
1206 4058 1266 4122 bac
1280 4077 1373 4142 super
1387 4077 1419 4122 ra

176 4161 419 4245 disputationem
441 4161 505 4227 sive
529 4162 746 4229 ecclesiasticis
768 4163 834 4229 eive
855 4162 944 4229 laicis
967 4163 1088 4228 omuino
1111 4162 1308 4229 interdicant.
1342 4161 1418 4228 Cum

177 4265 253 4330 haec
281 4269 385 4331 autem
416 4267 572 4332 limorum.
601 4267 732 4333 Patmm
766 4266 920 4332 sente-ntia
954 4266 986 4330 in
1019 4266 1178 4332 audientia
1211 4265 1272 4330 diei
1308 4265 1418 4331 decimi

177 4369 302 4450 septimi
325 4372 475 4435 currentis
500 4373 614 4436 utensis
636 4393 655 4439 1
678 4372 804 4436 Summe
830 4371 977 4436 Pontifice
1006 4371 1127 4452 penitus
1157 4371 1287 4453 probata
1317 4369 1416 4445 luerit,

177 4492 280 4538 meum
311 4477 377 4538 erat
403 4493 470 4538 earu
502 4475 541 4538 ad
571 4476 673 4560 Ampl.
711 4477 796 4540 Tuae
831 4476 975 4540 notitiam
1009 4473 1141 4552 deterre,
1176 4477 1211 4537 ut
1242 4494 1311 4538 cum
1344 4475 1418 4538 Tuis

176 4575 335 4664 Episcopis
364 4575 569 4664 suffraganeis
600 4581 824 4645 communicare
855 4578 966 4644 111111.
1019 4577 1134 4643 Nullus
1169 4577 1308 4656 dubitat,
1345 4579 1417 4662 quin
